2714 4702
643 191 686 256 44

116 372 214 444 Δῆμος
509 374 562 426 728
652 373 677 425 A

511 462 564 513 972
652 461 678 513 Α
814 454 980 531 Παφλαγών

515 588 521 601 .
542 586 573 600 ..
655 546 681 600 D
816 541 1024 624 ritiomonaitqg

115 628 281 706 Παφλαγών
514 637 565 688 997
654 634 679 686 Α

116 715 323 787 αλλαντοπώλης
507 724 560 777 997
651 722 675 775 Ι)

517 814 585 865 11·10
656 811 682 863 A
817 807 983 881 Παφλαγών,

517 941 524 953 .
547 940 553 952 .
577 938 583 951 .
640 898 686 976 2
816 893 1024 965 ἀλλαντοπώλης

116 979 283 1057 Παφλαγών
518 988 585 1040 1150
656 986 682 1039 A
974 994 977 999 ’

116 1067 326 1139 ἀλλαντοπώλης

516 1114 620 1247 λλ
637 1075 757 1239 ‚tto
815 1162 1000 1232 attat.

516 1252 584 1303 1262
816 1251 913 1321 Δῆμος
933 1242 1142 1316 ἀλλαντοπώλης

108 1328 295 1405 Ἀγοράκριτος
515 1341 583 1392 1316
1194 1342 1198 1347 ’

118 1425 215 1495 Δῆμος
514 1427 581 1479 1331

119 1512 242 1567 onomat
515 1516 584 1568 1389

205 1614 208 1619 ·
518 1603 586 1654 1408
819 1601 916 1672 Δῆμος
936 1595 1122 1671 Ἀγοράκριτος

895 1689 1017 1742 σπονδαί

652 1775 675 1829 F
801 1771 888 1847 χορός
941 1814 944 1819 -
972 1806 975 1810 ·

591 1981 726 2065 Nubes

168 2210 172 2217 ’
219 2184 327 2266 Quum
350 2208 540 2275 persuasum
564 2187 641 2250 mihi
660 2187 795 2251 habeam
819 2185 963 2252 Nubium
987 2170 1134 2251 tabulam
1150 2208 1217 2251 non

120 2287 164 2351 ita
183 2287 216 2352 in
231 2311 381 2356 scaenam
397 2289 590 2376 productam
613 2311 696 2372 esse,
716 2289 818 2373 qualis
834 2289 927 2352 nobis
944 2290 1051 2352 'altera
1073 2287 1218 2352 editione

118 2387 201 2452 facta
224 2389 342 2453 tradita
365 2400 425 2470 est,
453 2389 575 2453 nullius
601 2392 725 2453 fructus
748 2391 819 2453 fore
844 2392 927 2474 puto
945 2387 971 2452 si
995 2389 1065 2452 eius
1087 2389 1218 2454 scaeni-

120 2510 193 2551 cum
215 2497 403 2574 apparatum
426 2488 613 2574 indagaturi
635 2511 792 2554 essemus.
847 2489 935 2552 Fieri
955 2498 1063 2552 tamen
1097 2498 1217 2575 potest,
1275 2524 1281 2541 ·

119 2598 155 2652 ut
180 2599 382 2655 caeterarum
404 2590 644 2654 comoediarum
671 2611 751 2676 quac
774 2590 815 2653 ad
834 2611 902 2652 rem
926 2584 1111 2654 scaenicam
1140 2589 1215 2655 atti·

120 2699 227 2771 neant,
259 2700 348 2753 recte
379 2699 412 2753 et
436 2689 582 2754 dilucide
614 2690 793 2754 observatis
825 2701 857 2753 et
888 2691 1106 2776 pertractatis,
1138 2698 1217 2773 tunc

122 2810 253 2874 quoque
275 2790 316 2854 de
343 2789 468 2855 duabus
483 2790 627 2856 Nubium
651 2789 850 2856 editionibus
873 2812 1050 2875 earumque
1069 2812 1105 2855 re
1128 2798 1218 2857 scae·

124 2889 197 2954 nica
222 2899 345 2955 certum
368 2890 522 2955 iudicium
546 2890 721 2980 capiamus.

587 3103 737 3213 Vespae

221 3310 426 3394 Quamquam
442 3308 710 3376 Schoenbornius
733 3317 824 3373 recte
846 3308 909 3374 iam
932 3309 1057 3373 monuit
1085 3311 1130 3396 (p.
1143 3306 1218 3386 213)

121 3409 304 3496 Vesparum
330 3432 479 3475 scaenam
502 3431 567 3473 non
591 3418 745 3473 mutatam
776 3430 847 3474 esse
872 3429 1073 3492 scaenaeque
1102 3416 1218 3470 ornatu

14 3536 85 3583 tvvs
122 3510 349 3574 Phlioeleonis
367 3510 479 3607 vitiam
508 3509 668 3597 depictam
687 3509 786 3574 fuisse
805 3508 961 3573 tamenin
978 3506 1073 3572 huius
1090 3506 1221 3572 fabulae

32 3636 79 3719 ιικΙ
121 3630 191 3674 rem
206 3609 387 3674 scaenicam
403 3609 584 3684 accuratius
598 3607 829 3694 inquirendum
841 3608 935 3673 nobis
951 3607 1105 3692 relinquit
1118 3629 1218 3691 quum

7 3720 92 3801 ,tau
122 3710 297 3775 nonnullos
318 3731 432 3775 versus
454 3709 494 3774 ad
520 3709 605 3774 hano
631 3731 700 3773 rem
723 3717 909 3794 spectantes
931 3708 1147 3783 minus-recte
1169 3706 1213 3769 in·

7 3887 8 3890 Ἴ
38 3820 319 3901 =[mterpretatus
342 3811 393 3876 sit.

219 4016 253 4068 57
272 4013 419 4082 quominus
445 4011 654 4081 Paphlagonem
678 4010 733 4063 iam
752 4009 804 4064 hoc
822 4027 904 4063 versu
932 4010 1032 4064 exiisse
1051 4014 1216 4063 statuamus.

121 4118 204 4156 versu
226 4104 293 4158 1407
313 4101 478 4172 pronomine
497 4102 600 4159 ἐκεῖνος
618 4117 673 4152 non
690 4100 878 4169 prohibemur.
