2714 4702
642 175 682 239 76

226 363 295 427 lam
317 361 359 425 ad
382 357 635 424 describendum
656 358 809 440 alterum,
829 378 926 441 quem
940 357 1109 423 Ranarum
1124 356 1159 422 in
1180 358 1218 420 i·

132 463 210 527 bula
231 460 376 526 adhibuit
397 458 648 544 Aristophanes,
670 479 808 521 scaenae
830 466 978 521 ornatum
1002 456 1219 543 pervenimus.

132 565 174 628 In
200 583 263 645 qua
284 558 433 625 Plutonis
453 558 545 641 regia
567 556 698 644 depicta
719 557 820 621 fuisse
841 555 988 639 videtur3
1028 577 1096 641 quo
1129 556 1219 620 modo

133 671 240 725 autem
260 661 341 723 haec
365 668 478 722 ornata
500 658 607 739 fucrit,
632 656 696 720 dici
717 657 839 739 nequit.
879 655 964 720 Nam
987 678 1088 741 quam
1107 656 1218 721 Hiero·

129 783 248 844 nymus
272 758 414 824 Mueller
435 756 573 844 protulit
595 756 847 843 descriptionem
861 760 909 841 ¹¹²,
935 756 1154 821 insulsissima
1177 766 1220 822 est

129 860 366 944 universaeque
388 868 533 923 veterum
555 857 603 921 rei
627 858 795 922 scaenicae
808 880 1009 945 repugnans.
1033 857 1220 946 Geppertus

128 959 204 1042 quia
221 959 414 1023 horribilem
434 959 562 1022 Tartari
584 958 754 1041 regionem
777 957 947 1043 Dionysus
970 966 1058 1021 metu
1087 980 1216 1023 commo·

128 1069 181 1145 tues
212 1058 367 1124 describit
401 1058 511 1141 (versu
543 1059 603 1123 273
632 1060 675 1121 cf.
707 1080 837 1144 quoque
864 1058 1019 1123 Herculis
1054 1060 1158 1124 verba
1190 1081 1218 1122 r.

130 1160 191 1223 146
215 1160 299 1244 sqq.)
323 1158 457 1245 picturis
480 1162 571 1220 »eine
595 1156 786 1243 salicaera'pe
810 1157 1056 1245 Felscapeqcad
1073 1160 1133 1222 mit
1155 1157 1222 1222 ἄνεί

130 1257 286 1323 Ηᾶοοοκη
309 1259 387 1323 oder
411 1259 485 1322 drea'
506 1257 635 1321 Thttreo
664 1262 708 1321 im
732 1257 997 1345 Histerqrande«
1031 1279 1220 1345 repraesen-

126 1369 226 1425 tatam
248 1360 348 1425 fuisse
371 1358 459 1422 dicit.
501 1358 569 1424 Cur
590 1369 698 1422 autem
719 1359 745 1423 si
766 1360 897 1423 anxium
918 1359 1068 1424 videmus
1093 1358 1219 1445 Diony-

127 1484 197 1526 sum
222 1482 367 1526 caussam
389 1459 486 1523 etiam
508 1458 680 1522 anxietatis
708 1468 893 1546 spectemus
924 1480 1059 1524 necesse
1090 1459 1143 1541 sit,
1175 1459 1219 1522 in·

127 1561 290 1645 tellegere
314 1583 378 1623 non
399 1580 547 1645 possum3
567 1579 673 1641 neque
696 1567 818 1645 postea,
832 1564 941 1645 quum
951 1559 1121 1644 Dionysos
1148 1556 1221 1623 Em-

128 1682 241 1746 pusam
265 1661 396 1741 fugeret
414 1658 518 1743 ipsum
532 1659 594 1721 hoc
608 1668 788 1724 monstrum
810 1659 1079 1746 conspiciebatur.
1105 1658 1221 1723 Tribus

129 1769 238 1824 autem
261 1779 398 1822 scaenae
420 1757 533 1844 portis,
566 1780 663 1842 quum
697 1781 764 1825 non
794 1782 875 1845 opus
899 1768 994 1838 esset,
1030 1767 1063 1821 et
1093 1780 1139 1823 ex
1161 1780 1222 1823 una

132 1868 258 1923 tantum
291 1880 394 1944 eaque
417 1858 522 1922 media
545 1859 605 1941 (A)
631 1862 758 1949 Aeacus
780 1882 893 1926 servae
919 1859 1111 1944 Aeschylus
1130 1858 1222 1923 Euri·

130 1957 224 2045 pides
248 1958 520 2040 PlutoDionysus
543 1959 722 2045 prodirent,
743 1959 805 2022 hac
827 1980 892 2023 una
914 1966 1037 2021 tantum
1059 1968 1155 2045 porta
1177 1956 1223 2020 in·

129 2067 251 2122 structa
274 2066 343 2121 erat
366 2056 515 2120 Plutonis
538 2057 640 2141 regia.

262 2248 370 2302 intrant
477 2266 560 2303 versu
595 2250 678 2316 porta
694 2247 739 2301 vel
757 2247 836 2302 aditu
971 2250 1075 2300 exeunt

129 2365 264 2428 Διόνυσος
280 2370 403 2430 Ξανθίας
523 2373 536 2423 l
661 2369 686 2422 D

122 2455 255 2528 Ἡρακλῆς
523 2460 558 2512 38
664 2456 687 2508 Β

524 2547 574 2598 164
658 2544 681 2596 Β
815 2540 947 2613 Ἡρακλῆς

124 2629 219 2702 νεκρὸς
246 2635 272 2684 ολ
290 2633 452 2704 ἐκφέροντες
523 2635 574 2687 170
663 2630 688 2683 D

526 2721 576 2773 179
665 2716 689 2770 E
824 2713 919 2788 νεκρὸς
937 2720 963 2769 οἱ
981 2717 1147 2788 ἐκφέροντες

325 2901 443 2944 scaena
466 2879 594 2943 ducitur
615 2898 717 2963 usque
739 2879 781 2943 ad
805 2901 934 2943 versum
948 2878 1019 2943 270.

126 3032 230 3107 Χάρων
249 3039 279 3091 ἐν
297 3040 383 3107 πλοίῳ
527 3039 575 3090 181
664 3037 689 3090 Ε

527 3127 586 3199 196,
665 3125 689 3178 Ε
825 3126 946 3185 Ξανθίας

522 3215 576 3268 270
664 3212 688 3265 Ε
827 3207 928 3283 Χάρων

127 3297 249 3357 Ξανθίας
523 3303 574 3353 271
665 3300 690 3353 D

124 3578 186 3615 mus
204 3561 288 3631 longe
307 3562 412 3617 distare
429 3564 465 3617 ab
482 3579 523 3626 ea,
551 3582 605 3632 qua
630 3565 698 3619 alias
725 3569 842 3618 utuntur
871 3563 993 3628 scaenici
1009 3567 1110 3632 poetae
1133 3562 1218 3618 facile

126 3652 169 3703 est
186 3648 340 3704 intellectu.

217 3739 266 3789 112
285 3736 399 3792 Hieron.
410 3738 526 3792 Mueller
537 3738 624 3792 Arist.
636 3755 708 3792 vers.
722 3738 735 3790 Ι
747 3756 774 3806 p.
785 3740 837 3792 325
849 3740 923 3793 »Der
938 3739 990 3793 dcta
1001 3739 1223 3812 Hawptec'nyenq

123 3840 185 3879 zum
200 3823 296 3878 Potest
307 3824 354 3879 des
360 3825 462 3880 Platon
474 3825 650 3880 ccrdcclccadc
661 3824 789 3896 Vorhaaq
806 3827 844 3880 ist
864 3826 1079 3898 alederyelassca
1096 3826 1155 3882 aad
1173 3829 1222 3883 da·

124 3912 210 3966 durch
228 3912 287 3966 ciac
301 3912 523 3985 auf-schwareca
539 3911 641 3968 scateo
657 3913 776 3968 rabcade
790 3913 914 3970 Verballe
929 3914 1052 3970 sichtbesr
1069 3915 1219 3984 ροκοονᾶοο.

123 3999 218 4053 Brca'tc
234 3998 332 4067 Stasea
346 3999 446 4067 sclarea
464 4000 582 4055 caeder
599 4002 697 4056 Bathos
713 4019 748 4058 aa
766 4003 817 4058 ilar.
842 4004 947 4058 Platea
964 4002 1030 4070 (auf
1043 4003 1129 4058 cinam
1145 4004 1221 4059 reich

122 4087 269 4143 verzicrtea
288 4087 413 4157 Timone).
430 4129 437 4142 .
455 4129 462 4142 .
479 4108 501 4141 .«
