2714 4702
392 824 658 903 soluturum
691 824 1027 907 coruuomusuu

177 1127 188 1185 1
238 1125 348 1190 Amm.
375 1125 522 1190 Marcell.
546 1124 629 1189 XVI
651 1124 698 1195 24
721 1125 784 1187 hoo
807 1147 975 1213 propono:

294 1225 352 1290 sed
376 1248 449 1289 cum
471 1228 684 1290 subsererent
697 1224 840 1309 quidam,
859 1226 1028 1293 Silvanum
1042 1230 1155 1314 paullo
1180 1242 1260 1299 anto

294 1326 486 1411 magistrum
505 1324 664 1412 peditum,
688 1346 748 1410 per
767 1327 1013 1414 compendiosas
1033 1329 1116 1413 vias,
1137 1352 1258 1397 verum

294 1438 474 1515 suspectas,
496 1425 572 1509 quia
594 1433 689 1488 tuno
722 1424 925 1491 imbribus
950 1428 1059 1492 multis
1081 1430 1258 1495 inunda-

293 1529 466 1609 bantur,
500 1550 574 1590 cum
605 1525 687 1588 VIII
724 1524 932 1591 auxiliarium
966 1529 1110 1594 millibus
1148 1554 1258 1619 aegre

292 1628 459 1718 transisse,
481 1625 635 1691 fidentius
649 1624 771 1690 Cacsar
793 1626 1036 1692 audaciamviri
1062 1629 1155 1694 fortis
1179 1630 1256 1695 imi-

293 1728 352 1792 tari
388 1748 587 1813 magnopere
617 1727 780 1790 nitebatur
915 1729 967 1811 ul:
1000 1729 1076 1813 quia
1103 1731 1255 1796 tenebris

292 1828 402 1892 multis
426 1829 642 1910 umbrantur.)

172 1928 192 1988 2
234 1929 344 1992 Amm.
367 1926 514 1992 Marcell.
535 1927 619 1991 XVI
640 1930 661 1992 b
681 1963 705 2000 10
725 1928 819 2012 lego:

292 2036 387 2093 vetus
410 2027 493 2091 illud
515 2030 750 2115 proverbium:

294 2139 391 2194 suut
412 2129 505 2192 bovi
529 2128 755 2216 impositae
780 2129 995 2213 olitellae3
1018 2130 1145 2218 plane
1167 2154 1252 2197 non

293 2240 362 2296 est
391 2240 577 2295 nostrum
606 2253 718 2311 onus,

291 2332 482 2398 Plautum
508 2332 624 2394 crebro
656 2331 828 2395 nominans
852 2332 1068 2397 exclamabat.

170 2434 191 2497 3
234 2433 273 2498 Id
301 2433 388 2517 quod
425 2432 563 2497 Carolus
586 2431 777 2496 Boetticher
803 2432 943 2511 (Mater
978 2434 1040 2497 den
1071 2431 1189 2499 Parth.
1210 2456 1253 2497 au

233 2533 342 2596 Athen
363 2532 432 2595 used
455 2532 516 2594 dero
531 2530 736 2616 Zeustempel
751 2555 790 2594 au
805 2531 956 2617 Olympio
970 2531 1011 2615 je
1031 2531 1115 2596 nacla
1130 2530 1252 2597 boeot

232 2634 301 2697 aad
321 2637 532 2717 Bertotzoup«
555 2632 589 2695 in
613 2631 755 2695 Erotem
783 2631 932 2718 Ztsclarft
952 2632 981 2715 f.
1008 2637 1186 2697 Baawesea
1212 2632 1255 2699 Π

235 2733 348 2819 (1852)
370 2756 403 2817 p.
426 2732 504 2815 203)
536 2732 577 2795 dc
600 2731 838 2815 significatione
869 2733 1018 2798 vocabuli
1040 2732 1168 2820 θυμέλη
1191 2756 1249 2801 ox-

229 2834 339 2920 posuit
359 2869 397 2879 —
431 2832 611 2915 thymelem
639 2833 774 2897 locum
797 2832 960 2915 quendam
984 2833 1083 2898 fuisse
1104 2856 1171 2896 ara
1193 2855 1250 2899 or·

232 2944 386 3014 natum,
418 2933 453 2997 in
476 2931 623 2996 infcriori
657 2933 740 2997 cella
762 2935 834 2997 loco
865 2934 962 2998 situm
985 2968 1028 2981 ··-
1049 2933 1135 2999 idem
1170 2955 1249 3017 qua·-

232 3033 305 3097 drst
326 3034 366 3097 ad
384 3034 591 3098 vetustissimi
613 3032 732 3097 theatri
758 3033 938 3116 thymelem
960 3030 1209 3120 explicandam.-

169 3136 190 3197 4
211 3135 371 3203 Carminis
391 3134 494 3200 nostri
518 3134 731 3220 Nibelungcn
753 3137 812 3198 nbt
832 3135 918 3206 2701

292 3238 343 3301 die
355 3240 391 3300 a'u
406 3237 468 3299 cleo
483 3260 508 3321 p
523 3259 620 3321 oyen
637 3237 734 3321 [ἅφθη
751 3236 819 3298 und
830 3235 922 3298 beten
939 3236 1077 3299 uuerden
1093 3238 1150 3299 urit

287 3359 398 3425 psycn
420 3359 486 3401 vox
506 3326 686 3401 ‘fenestris'
712 3335 869 3401 vertenda
892 3345 950 3402 est.

168 3440 189 3503 5
231 3439 390 3502 Albertus
407 3437 447 3500 de
466 3437 713 3521 Scharfcnberg
727 3435 902 3522 (jurispere
916 3435 1044 3499 I'a'turel
1064 3448 1120 3501 atr.
1140 3436 1249 3502 311-

232 3539 309 3621 416)
335 3538 429 3604 Grali
452 3536 536 3601 illud
557 3538 716 3623 templum
733 3537 772 3600 ad
788 3536 975 3623 exemplum
997 3525 1247 3604 ecclesiacStae

230 3638 354 3703 Mariae
376 3636 583 3702 Trevirensis
609 3636 793 3724 descripsit.
1179 3625 1182 3633 ¹

165 3738 185 3801 6
228 3736 327 3801 Aevii
348 3735 448 3799 medii
474 3747 585 3823 poetas
615 3736 649 3800 in
670 3736 850 3821 gymnasiis
888 3736 991 3820 magis
1026 3725 1242 3825 quum'nunc

229 3838 302 3903 fiori
325 3837 420 3919 solet,
443 3859 515 3902 esse
534 3837 700 3901 colendos.
1204 3829 1207 3835 ’

601 4016 797 4029 -ιι-ο-α--Ψ
