2714 4702
658 243 697 303 78

130 442 300 505 possumus
324 421 365 483 dc
388 419 480 484 chori
503 420 633 485 fabulae
658 420 751 485 initio
774 423 928 503 stationc3
962 423 1004 488 de
1031 424 1222 491 histrionum

130 523 189 587 sub
212 522 386 585 mulierum
408 532 655 605 scortorumque
678 522 826 607 personis
853 544 1001 606 numero,
1023 535 1137 589 utrum
1151 526 1223 591 Ble-

128 644 234 706 pyrus
260 621 484 707 Chremesquc
517 622 550 685 in
572 622 745 707 postremis
769 644 897 708 quoque
921 624 1078 690 dramatis
1100 626 1223 692 scaenis

128 746 198 787 rem
220 732 330 805 agant,
353 746 394 785 an
415 721 477 785 viri
497 722 547 785 illi
570 723 781 805 (Ravennatis
796 723 929 809 codicis)
953 748 1069 792 versus
1081 728 1144 793 730
1155 748 1221 812 sqq.

128 822 302 888 recitantes
324 844 463 893 aaron
483 830 526 907 (v.
541 827 614 903 130)
635 846 773 896 aaron*
788 846 987 897 nuruum
1008 830 1052 910 (v.
1065 828 1129 891 746
1143 828 1223 912 sqq.)

130 930 223 984 autea
243 923 386 987 nondum
411 925 445 988 in
470 926 593 1011 pulpito
617 928 739 991 fuerint
761 930 929 1015 conspecti
959 928 1138 1007 (Dindorfii
1161 928 1222 993 edi·

128 1020 225 1085 tionis
248 1021 436 1108 Lipsiensis,
459 1026 589 1109 quintae
603 1050 713 1095 Arm)
727 1052 764 1107 A,
782 1050 891 1097 Arvrrr
906 1030 955 1105 ul.
979 1027 1220 1094 Praetermissis

128 1120 238 1206 igitur,
262 1124 337 1209 quia
359 1124 446 1187 vires
469 1148 533 1189 nou
559 1128 735 1211 sufficiunt,
752 1132 900 1205 omuibus
918 1130 966 1193 his
983 1128 1223 1215 quaestionibus

128 1222 161 1285 id
184 1224 289 1288 solum
320 1224 545 1291 demonstrare
566 1231 765 1313 conabimur,
789 1242 937 1296 ornatum
960 1252 1098 1295 scaenae
1111 1229 1218 1294 Eccle-

129 1324 327 1389 siazusarum
348 1326 382 1388 in
404 1326 512 1391 sabula
541 1328 715 1393 admodum
747 1332 928 1419 simplicem
963 1332 1073 1395 fuisse.
1127 1328 1222 1394 Initio

131 1423 216 1486 enim
241 1423 326 1487 riam
350 1425 490 1511 aliquam
514 1429 676 1512 publicam
691 1432 896 1496 Athenarum
918 1452 1052 1496 scaenae
1074 1429 1222 1515 picturae

130 1523 429 1609 repraesentabant,
452 1527 545 1590 ouius
565 1539 695 1613 praeter
717 1542 847 1595 caetera
863 1529 1011 1594 aedificia
1029 1528 1114 1592 duae
1126 1526 1221 1592 aedes

126 1624 172 1688 ito
194 1623 294 1710 portis
320 1633 412 1687 erant
445 1634 623 1710 extructae,
655 1638 692 1692 ut
714 1629 836 1694 intrare
859 1652 913 1693 eas
932 1638 965 1693 et
987 1650 1029 1691 cx
1040 1627 1079 1689 iis
1090 1625 1223 1713 prodire

128 1733 261 1811 possent
282 1722 470 1788 histriones.
521 1728 648 1792 Domus
671 1739 764 1793 erant
784 1730 996 1813 Praxagorae
1018 1726 1223 1811 Blcpyrique

127 1849 200 1908 una,
223 1824 324 1889 vicini
340 1831 462 1903 (ΑΝΙΙΡ
481 1850 511 1891 r.
525 1827 599 1908 3⁴27)
618 1829 752 1912 eiusque
773 1830 921 1913 coniugis
947 1833 1067 1907 (ΓΥΝΗ
1082 1850 1112 1896 Α
1130 1851 1160 1891 v·
1170 1825 1223 1905 36)

128 1924 240 1988 altera.
283 1926 432 1990 Dextrae
455 1950 493 1991 ae
520 1927 649 1992 sinistra
676 1930 919 2015 respondebant
951 1949 1087 1993 scaenae
1119 1926 1221 2014 portis

128 2025 212 2088 Bet
235 2024 274 2091 O.
321 2026 446 2091 Eadem
479 2051 607 2111 scaena,
640 2030 699 2093 etsi
723 2029 920 2095 Ravennatis
944 2030 1000 2095 illa
1024 2049 1165 2099 ΑΛΛΟΣ
1192 2034 1225 2091 ei

128 2148 266 2198 ΑΛΛΟΣ
282 2150 485 2200 φΕΙΑΩΛοΣ
506 2153 571 2193 uon
585 2128 736 2194 Chremis
749 2129 953 2216 Blcpyrique
966 2130 1135 2193 nominum
1148 2131 1221 2194 loco

129 2242 239 2296 essent
260 2232 374 2318 posita,
396 2233 445 2295 uti
467 2230 573 2318 potuit
593 2239 690 2316 pocta
711 2229 787 2294 iude
811 2253 829 2291 a
850 2251 945 2294 versu
971 2231 1042 2311 730,
1064 2240 1099 2294 ut
1123 2230 1222 2293 alium

126 2331 335 2396 Athenarum
359 2333 463 2395 vicum
493 2331 629 2395 aetionis
661 2352 731 2393 esse
761 2330 867 2393 locum
897 2329 1107 2414 significaret,
1143 2330 1224 2395 dex-

128 2441 198 2496 trae
220 2442 345 2497 tantum
368 2432 505 2519 periaeti
537 2430 699 2495 rotatione
714 2433 762 2494 ¹¹⁶.
813 2430 963 2514 Itemque
993 2431 1112 2493 factum
1140 2451 1222 2510 esse,

125 2542 161 2596 ut
181 2531 258 2596 inde
281 2554 418 2596 eversu
440 2532 501 2595 877
522 2553 626 2615 usque
657 2530 698 2594 ad
729 2553 866 2605 versum,
882 2531 960 2593 1111
989 2528 1024 2593 in
1047 2527 1222 2594 Ceramico

125 2626 179 2697 vel
200 2633 234 2697 ἐν
255 2636 408 2715 Πειραιεῖ
424 2626 515 2715 παρὰ
536 2635 608 2708 ταῖς
629 2634 769 2715 πορναῖς
801 2654 870 2695 rem
893 2631 947 2713 agi
970 2631 1072 2694 sciant
1092 2640 1220 2715 speeta-

86 2790 90 2798 .
125 2741 223 2813 tores,
251 2732 345 2796 facile
367 2731 603 2813 intellegimus.
647 2730 708 2795 His
729 2741 836 2794 autem
859 2731 1007 2794 versibus
1030 2728 1220 2793 {stt-1111

124 2831 278 2895 tabulatis
299 2854 381 2916 opus
406 2851 478 2894 esse
500 2829 626 2894 duobus
655 2829 823 2911 aedificiis,
846 2830 974 2915 puellae
1004 2851 1079 2908 una,
1110 2827 1218 2891 altera

124 2932 250 3017 primae
273 2952 353 2993 anus
375 2929 481 3017 primo
504 2929 589 2992 inter
610 2929 667 2992 has
693 2928 827 3012 dialogo
858 2938 1002 3015 apparet.
1060 2926 1223 2992 Caeterae

124 3042 233 3096 autom
256 3052 338 3116 quae
360 3040 473 3116 postea
495 3030 580 3093 inter
604 3050 639 3093 se
661 3028 821 3110 rixantur,
853 3027 1077 3097 mulierculae,
1108 3027 1143 3091 in
1173 3049 1224 3110 ea,

124 3130 263 3216 quaein
286 3139 464 3216 conspeetu
489 3139 568 3210 erat,
603 3128 664 3192 vici
687 3137 779 3215 parte
801 3149 865 3191 non
887 3127 1072 3192 necessario
1095 3127 1221 3191 habita-

123 3241 210 3315 runt,
232 3232 330 3296 immo
353 3253 370 3296 e
402 3231 518 3294 dextro
541 3239 573 3293 et
595 3229 725 3294 sinistro
747 3228 835 3291 aditu
858 3228 984 3292 iuvenis
999 3227 1141 3292 clamore
1165 3228 1220 3291 ad·

125 3333 241 3398 ductae
264 3332 429 3420 prodeunt
450 3330 490 3395 ad
514 3352 587 3394 eum
610 3328 818 3415 captandum.
852 3328 1000 3413 Imagine
1023 3327 1143 3392 deinde
1165 3349 1217 3393 re·

123 3432 235 3520 petita,
257 3454 354 3517 quam
374 3431 516 3518 primum
529 3430 663 3493 dextrae
676 3429 810 3516 periacti
823 3430 1000 3493 eatablcma
1015 3436 1090 3491 ante
1103 3428 1218 3492 oeulos

124 3533 242 3619 posuit,
262 3532 378 3596 eodem
401 3541 498 3615 atque
519 3530 612 3594 initio
634 3530 762 3593 fabulae
787 3528 924 3593 aetionis
952 3530 1027 3593 loeo
1058 3550 1136 3591 usus
1169 3537 1220 3593 est

124 3633 374 3719 Aristophanes.

224 3879 274 3931 116
291 3876 327 3932 ef.
345 3876 440 3929 hohde
458 3876 476 3929 l.
494 3875 512 3928 l.
533 3892 658 3943 quaeque
677 3873 730 3927 hae
749 3873 785 3927 de
804 3873 905 3927 roiam
926 3871 1075 3941 disputavi.
