2714 4702
243 363 299 427 111

143 563 226 631 Vesp.
248 564 296 615 107
332 562 506 619 ΞΑΝΘΙΑΣ
567 556 660 629 ὥσπερ
677 559 779 630 μέλιττ’
799 553 815 624 ἢ
832 556 981 630 βομβυλιὸς
999 561 1208 628 εἰσέρχεται

561 645 615 699 ὑπὸ
632 653 689 706 τοῖς
709 641 778 706 ὅνυξι
794 643 879 715 κηρὸν
895 642 1153 716 ἀναπεπλασμένος.

138 738 220 805 Vesp.
239 738 291 789 606
325 740 483 791 ΦΙΛΟΚΛ.
563 730 630 788 ὅταν
661 735 748 788 οἴκαδ’
777 739 809 787 ἴω
827 732 877 787 τὸν
892 730 1000 804 μισθὸν
1018 734 1098 804 ἔχων,
1118 724 1179 802 κᾷτ’
1200 739 1241 786 εἰ·

798 815 951 889 σήκοντεέ
979 838 1016 892 με
1034 817 1134 879 πάντες

563 904 738 972 ἀσπάζωνται
776 949 783 962 .
827 949 833 962 .
871 950 877 962 .
912 948 917 962 .
956 948 962 962 .

140 998 204 1050 Pac.
223 1000 257 1050 73
331 992 454 1052 ΟῘΙίΕΤ.
475 1004 503 1050 Α
565 990 726 1065 εἰσήγαγ’
743 998 864 1048 αἰτναῖον
881 999 1016 1065 μέγιστον
1033 987 1184 1065 κάνθαρον.

141 1084 205 1138 Pac.
223 1085 276 1137 228
329 1089 468 1137 ΕΡΜΙΙΣ
562 1079 612 1136 οὐκ
630 1083 693 1136 οἶδα
712 1081 784 1150 πλὴν
801 1081 841 1148 ἓν,
860 1077 901 1135 ὅτι.
919 1081 1001 1137 θυίαν
1019 1082 1138 1152 ἑσπέρας

561 1169 689 1242 ὑπερφυᾶ
706 1167 736 1224 τὸ
757 1173 880 1242 μέγεθος
898 1160 1145 1238 εἰσηνέγκατο.

138 1257 200 1325 hys.
218 1259 271 1311 636
329 1264 409 1315 ΧΟΡ.
429 1265 510 1313 ΓΥΝ.
565 1255 614 1312 οὐκ
641 1251 682 1328 ἄρ’
709 1253 871 1313 εἰσιόντα
899 1262 924 1311 σ’
955 1259 1043 1312 οἴκαδ’
1071 1256 1087 1324 ἡ
1119 1258 1240 1311 τεκοῦσα

873 1408 877 1417 Ι
992 1339 1134 1414 γνώσεται.

145 1431 208 1500 hys.
227 1434 280 1485 867
332 1439 463 1486 σιπιιΣ.
538 1491 541 1499 ,
570 1430 628 1486 ἀπ’
648 1427 775 1505 ἅχυομιι
793 1434 849 1505 μὲν
866 1428 996 1487 εἰσιών.

142 1519 250 1574 Thesm.
259 1523 311 1575 395
329 1527 438 1575 ΓΥΝΗ
451 1529 480 1575 Α
568 1563 575 1576 .
594 1562 601 1577 .
624 1517 709 1580 εὐθὺς
727 1517 907 1580 εἰσιόντες
923 1517 980 1575 ἀπὸ
999 1523 1053 1575 τῶν
1071 1524 1166 1591 ἰκρίων

568 1605 754 1676 ὑποβλέπουσ’
772 1605 852 1680 ἡμᾶς.

146 1692 213 1749 Ran.
232 1696 286 1748 980
333 1701 486 1751 ΔΙΟΝΥΣ.
567 1693 601 1763 νὴ
617 1692 679 1754 τοὺς
697 1693 778 1755 θεοὺς
797 1697 847 1750 νῦν
866 1698 935 1766 γοῦν
950 1692 1026 1763 Ἀθη·
1072 1715 1074 1720 ’

564 1787 649 1839 ναίων
665 1779 739 1843 ἅπας
755 1804 794 1844 τις
812 1787 841 1836 εἰ
848 1782 933 1837 σιὼν

562 1874 679 1941 κέκραγε
697 1869 767 1942 πρὸς
784 1868 846 1931 τοὺς
867 1876 979 1931 οἰκέτας.

145 1957 218 2011 Plut.
237 1959 290 2011 406
340 1963 496 2012 ΒΛΕΨΙΛ.
574 1953 671 2013 οὔκουν
688 1957 783 2030 ἰατρὸν
801 1955 970 2030 εἰσάγειν
987 1961 1070 2032 ἰχρῆν
1086 1953 1162 2025 τινάς

144 2045 217 2100 Plut.
237 2049 289 2101 762
335 2051 482 2101 ΚΑΡῙΩΝ
567 2044 655 2108 οὐδεὶς
671 2045 725 2120 γὰρ
744 2047 810 2121 ὑμῖν
826 2051 1005 2103 εἰσιοῦσιν
1021 2045 1138 2118 ἀγγελεῖ,

475 2168 487 2187 x
563 2134 599 2196 ὠς
618 2130 708 2208 ἄλφιτ’
727 2133 776 2191 οὐκ
794 2138 899 2192 ἔνεστιν
917 2138 948 2192 έν
964 2137 1003 2208 τῷ
1020 2130 1138 2205 θυλάκῳ.

142 2400 215 2457 Nub.
235 2403 287 2454 613
339 2406 465 2457 ΧΟΡΟΣ
576 2397 645 2455 ὥστε
655 2405 701 2455 καὶ
710 2405 800 2472 λέγειν
808 2397 931 2459 ἅπαντας
952 2394 1105 2460 έξιόντας
1121 2401 1243 2472 ἑσπέρας

569 2486 608 2559 μὴ
630 2496 694 2563 πρίγ
714 2496 766 2542 παῖ
783 2487 953 2558 δᾷδ’....

148 2575 211 2627 Pac.
230 2577 298 2628 1182
342 2580 468 2631 ΧΟΡΟΣ
576 2573 690 2629 ...οὐ
706 2572 760 2645 γὰρ
776 2569 853 2648 ᾔδειν
879 2570 983 2634 έξιών.

145 2661 210 2728 Lys.
230 2663 262 2716 16
335 2667 511 2717 KAAAON.
575 2657 758 2732 ...χαλεπή
775 2672 816 2715 τοι
832 2664 969 2732 γυναικῶν
986 2665 1116 2725 ἔξοδος.

144 2749 313 2804 Thesm.792
331 2753 458 2805 ΧΟΡΟΣ
572 2741 625 2804 κᾶν
645 2749 766 2823 ἐξέλθῃ
786 2747 816 2804 τὸ
835 2744 949 2820 γύναιόν
967 2771 1013 2804 ποι
1035 2791 1067 2807 ..
1090 2791 1097 2805 .
1120 2792 1126 2806 .

570 2841 672 2908 μανίας
688 2839 830 2909 μαίνεσθ’.
908 2856 924 2883 ·
1066 2830 1068 2834 ⁴

146 2922 216 2978 Ran.
236 2923 286 2974 196
331 2922 455 2984 ΞΑΝΘῙ.
575 2929 650 2994 οἴμοι
670 2926 858 2999 κακοδαίμων,
877 2928 915 2996 τῷ
932 2930 1076 2999 ξυνέτυχον
1094 2921 1207 2994 ἐξιών;

149 3007 225 3062 mccl.
247 3010 298 3062 325
336 3015 504 3064 ΒΛΕΠΥΡ.
573 3007 604 3063 οὐ
624 3006 677 3083 γάρ
696 3012 765 3065 noe‘
784 3012 858 3083 ὑγιὲς
875 3010 957 3069 οὐδὲν
975 3009 1190 3081 assisiensis

573 3092 713 3169 δράσουδ.

144 3181 221 3236 Eccl.
241 3185 293 3237 533
329 3184 490 3243 ΠΡΑΞΑΓ.
576 3227 581 3240 .
619 3226 626 3239 .
664 3227 671 3240 .
711 3228 718 3241 .
756 3189 844 3242 ἐδεῖτο
861 3189 893 3242 δέ

568 3269 637 3345 ἥπερ
654 3277 765 3347 μεθῆκέ
776 3281 807 3348 μ’
828 3278 962 3336 ἐξιέναι
982 3273 1057 3350 πάσῃ
1075 3279 1165 3348 τέχνῃ.

147 3359 222 3415 Plut.
242 3361 276 3412 41
333 3366 507 3416 XPEMYA.
571 3357 624 3432 ὅτῳ
643 3359 837 3435 ξυναντήσαιμι
849 3364 965 3433 πρῶτον
982 3357 1092 3427 ἐξιών,

567 3451 671 3503 ἐκέλευε
688 3444 782 3503 τούτου
796 3446 839 3521 ’μὴ
856 3453 1012 3520 μεθίεσθαί
1027 3451 1058 3518 μ’
1077 3448 1123 3501 ἔτι.

247 3643 300 3707 Ex
332 3642 493 3728 exemplis
528 3642 632 3728 primo
669 3641 743 3706 loco
778 3642 842 3722 (Ia
866 3651 898 3704 et
930 3641 966 3723 b)
998 3643 1165 3728 congestis
1197 3643 1243 3708 fa-

149 3745 211 3808 cile
235 3752 285 3807 est
306 3742 473 3805 intellectu
507 3740 615 3805 verbis
639 3736 1244 3827 εἰσιέναι-έρχεσθαι-βαίνειν-όιγειν

85 3859 88 3864 “
149 3840 204 3910 nvi
224 3842 398 3908 histriones
421 3840 552 3904 domum
577 3839 742 3925 quandam
775 3843 932 3906 intrantes
966 3864 1116 3907 scaenam
1138 3864 1173 3906 se
1193 3863 1242 3907 re-

148 3945 282 4009 licturos
304 3963 375 4008 esse
397 3939 555 4023 indicare,
576 3936 974 4027 ἑξιέναι-έρχεσθαι-άγειν
996 3938 1051 4008 usi
1072 3942 1182 4007 verbis
1208 3964 1242 4006 se

149 4046 183 4109 in
204 4043 366 4132 pulpitum
390 4041 524 4136 predire
552 4063 594 4105 ex
623 4039 756 4106 aedibus
787 4029 1007 4127 egredientes,
1040 4042 1244 4128 similemque
