2714 4702
615 237 654 299 79

236 415 343 468 intrant
492 430 575 467 versu
609 416 693 483 porta
713 414 757 468 vel
775 413 854 468 aditu
962 419 1065 469 exeunt

88 553 255 630 Πραξαγόρα
484 560 498 610 1
622 558 646 610 Β

82 642 169 719 χορός
483 647 518 699 30
624 644 647 697 F

80 729 149 803 γυνή
166 729 192 786 α’
484 734 517 786 35
627 733 647 786 C

81 817 150 892 γυνή
159 816 186 889 β’
197 820 232 851 11⁵1
486 821 521 874 49
630 817 655 870 D

82 914 209 977 γυναῖκες
486 907 520 958 55
629 905 654 958 D
676 905 748 959 etro

482 993 535 1045 284
625 991 649 1043 D
788 990 889 1052 πάντες
907 998 934 1047 οἱ
949 993 1094 1068 ὑποκριταί

485 1082 538 1135 310
781 1077 866 1152 χορός

81 1146 224 1269 Bitnqiioe
470 1215 472 1219 .
486 1170 535 1221 311

82 1254 157 1328 ἇνὴρ’
483 1257 535 1308 327

484 1344 537 1396 356

85 1435 199 1505 Χρέμης
482 1433 533 1483 372

482 1520 535 1571 477

80 1687 166 1763 χορός

82 1774 250 1851 Πραξαγόρα

84 1869 227 1938 Βλέπυρος
234 1867 272 1899 ²¹⁸

83 2023 119 2077 do
136 2023 263 2077 versibus
281 2025 334 2077 725
350 2025 403 2077 729
421 2026 514 2079 utrum
534 2025 624 2078 eidem
641 2042 658 2078 s
675 2043 728 2093 quo
750 2028 896 2095 sequentes
917 2028 969 2079 730
989 2044 1047 2095 sqq.
1070 2026 1183 2081 reoitsti

83 2114 162 2175 sunt,
182 2112 244 2166 viro
260 2111 403 2166 tribuendi
422 2113 485 2181 sint,
503 2130 538 2167 an
566 2131 631 2177 non,
650 2130 736 2181 quum
760 2115 832 2167 oerti
855 2113 924 2167 nihil
942 2114 1071 2180 habeam,
1101 2133 1183 2184 quae·

84 2199 206 2254 ationem
226 2217 283 2255 non
300 2199 471 2255 institutum.

320 2379 327 2393 ·
398 2337 515 2401 dextra
539 2335 679 2400 vertitur
700 2334 876 2422 periactus.

83 2485 152 2560 ἀνήρ
172 2489 335 2559 (Βλέπυρος)
484 2491 500 2541 7
520 2492 538 2543 0
565 2478 589 2532 3
625 2487 648 2539 Β

83 2573 164 2637 ἄλλος
185 2578 321 2650 (peluntur

84 2666 221 2738 (Χρέμης)
486 2666 538 2717 746
629 2663 649 2716 ⁰

85 2748 234 2823 κηρύκαινα
485 2754 536 2804 831
626 2750 651 2802 Ι)

485 2840 537 2890 852
625 2836 649 2889 Ε
785 2830 932 2906 κηρύκαινα

486 2926 538 2978 876
627 2923 652 2976 D
794 2925 936 2994 Βλέπυρος
953 2927 1056 2978 οἰκέται

835 3015 949 3082 Χρέμης

186 3216 302 3303 Neque
326 3215 367 3280 de
388 3215 576 3300 insequenti
598 3214 684 3278 inter
705 3225 812 3279 scorta
833 3215 1051 3300 iuvenemque
1065 3238 1184 3281 scaena

84 3317 192 3383 adhuc
216 3317 418 3405 probabilem
440 3318 589 3401 proferre
614 3338 744 3402 possum
770 3316 966 3380 sententiam
981 3338 1087 3399 neque
1108 3317 1183 3401 quis

84 3418 280 3504 pravissimo
304 3416 394 3482 libris
417 3416 645 3502 manuscriptis
668 3437 881 3502 personarum
909 3425 1003 3480 notae
1033 3427 1180 3481 servatae

87 3519 152 3581 sint
176 3539 300 3603 oaoquo
324 3517 365 3581 ab
389 3517 569 3581 editoribus
593 3516 722 3580 fabulae
746 3515 851 3579 minus
872 3526 1022 3580 accurate
1042 3526 1182 3597 notatae,

85 3628 164 3704 puto
187 3641 329 3703 unquam
354 3617 473 3682 eortius
496 3615 620 3701 aliquid
643 3616 702 3679 huo
723 3617 756 3678 in
781 3638 816 3680 re
840 3617 992 3681 effectum
1013 3616 1064 3681 iri.

156 3912 159 3919 .
190 3871 241 3923 117
257 3869 426 3925 Meinekium
444 3887 547 3939 sequar
566 3887 651 3940 quum
668 3870 757 3924 multo
783 3868 982 3939 simpliciorem
1000 3867 1051 3922 hoo
1069 3869 1182 3936 quidem

86 3957 115 4009 in
146 3973 247 4011 souens
273 3974 456 4026 personarum
484 3958 712 4013 distributionem
738 3960 872 4028 praebeat
899 3960 982 4025 utque
1009 3955 1123 4009 Beerius
1152 3961 1182 4011 et

85 4043 199 4099 coeteri.

187 4134 237 4186 118
256 4150 366 4188 vorsum
383 4136 436 4192 568
454 4152 471 4188 a
488 4134 611 4204 Blepyro
629 4134 804 4188 recitandum
822 4150 881 4187 esse
897 4132 1010 4186 Boetius
1029 4151 1055 4201 p.
1065 4137 1116 4190 106
1138 4150 1182 4187 rs·

86 4221 131 4274 ote
150 4219 267 4273 monuit.
