2714 4702
688 192 725 256 16

195 377 228 461 [3
246 375 349 442 schol.
373 372 449 442 Pac.
463 374 524 440 819

239 472 441 564 ὄΤρυχαῖος
461 467 633 540 κατελθών
654 473 690 540 ἐκ
717 477 778 539 τοῦ
810 469 953 560 ου’ρανοῦ
979 477 1033 541 καί
1066 471 1189 542 λοιπδν
1217 479 1261 568 τῆ

236 574 324 664 οίκίηι
345 571 528 662 πλησιάσας
549 625 557 642 .
578 625 586 640 .
609 624 618 640 .
641 575 666 658 .]

196 679 218 740 4
239 676 341 743 schol.
363 677 444 742 Rau.
457 674 520 741 270

234 775 268 841 ἐν
282 770 409 840 “Ἀιδου
430 769 551 841 λοιπδν
567 770 609 838 τὰ
631 769 814 860 πράγματα.

249 951 306 1018 ΠΙ
328 945 491 1034 μεταβολί
515 953 574 1038 τῆς
597 954 735 1037 σκηνῆς·
759 943 986 1016 ἀλλοιοῦσθαι.
1052 993 1057 1002 ·

194 1086 210 1148 l
233 1085 334 1149 schol.
356 1084 513 1150 Ran.274

231 1183 466 1270 μεταβέβλησαι
487 1180 507 1270 ῆ
529 1180 629 1271 σκηνῆ
653 1185 707 1252 καί
729 1185 857 1271 χέχονεν
879 1180 1045 1270 ὑπόγειος.
1136 1181 1139 1185 ’

196 1285 229 1366 [2
250 1285 353 1350 schol.
376 1286 456 1352 Rau.
474 1288 530 1353 181

232 1384 375 1450 ἐνταῦθα
403 1383 440 1451 δέ
468 1387 527 1450 τοῦ
555 1384 675 1450 πλοίου
700 1376 867 1472 ὀφθέντος
889 1377 1093 1472 ἠλλοιῶσθαι
1118 1381 1181 1472 χρῆ
1197 1383 1259 1472 τῆν

232 1480 351 1571 σκηνῆν
372 1485 425 1550 καί
446 1477 529 1551 εἶναι
549 1481 629 1550 κατὰ
648 1482 706 1573 τῆν
727 1478 946 1571 Ἀχερουσίαν
969 1487 1083 1572 λίμνην
1102 1483 1173 1551 τὸν
1194 1483 1258 1552 τό·

231 1609 321 1651 πον.
366 1584 423 1650 έπί
454 1589 513 1651 τοῦ
541 1586 669 1671 λογείου
692 1581 713 1674 ἢ
734 1587 790 1653 έπί
812 1591 872 1673 τῆς
894 1579 1082 1673 ὀρχήστρας,
1111 1587 1255 1672 μηδέπω

232 1687 268 1752 δὲ
289 1680 477 1770 έν“Αιδυυ]

125 1798 151 1875 χ
198 1786 234 1868 [3
259 1786 359 1851 schol.
382 1786 466 1852 Aah.
478 1787 540 1850 384

235 1880 399 1970 μεταβολῆ
421 1884 529 1969 χέχονε
553 1881 660 1952 τόπου
682 1884 727 1964 ὠς
748 1886 804 1953 έπί
827 1883 888 1974 τῆν
914 1883 1020 1955 οἰκίαν
1041 1887 1254 1974 Εὐριπίδου]

252 2064 300 2127 IV
323 2063 364 2128 de
385 2064 523 2149 singulis
547 2088 689 2130 scaenae.
709 2078 842 2133 ornatus
866 2071 1011 2158 partibus
1024 2074 1048 2112 ¹⁸

193 2199 208 2260 1
237 2197 337 2264 schol.
360 2197 436 2262 Pac.
451 2197 515 2262 234

231 2295 302 2364 ἔστι
323 2297 361 2365 δέ
382 2323 414 2364 τι
435 2299 489 2364 καὶ
510 2289 633 2386 ἇύτρον
655 2300 711 2367 έπί
733 2306 791 2389 τῆς
812 2308 938 2392 σκηνῆς.

189 2399 210 2462 2
231 2398 334 2465 schol.
356 2399 437 2482 Lys.
451 2399 514 2465 864

224 2492 301 2564 ὀίπδ
322 2501 382 2565 τοῦ
402 2498 531 2581 τείχους
549 2501 758 2567 κατελθοῦσα
779 2549 787 2566 .
810 2553 818 2566 .
843 2550 851 2566 .
873 2554 880 2569 .

250 2682 412 2747 Vutrum
444 2682 480 2746 in
502 2684 601 2769 logeo
624 2695 657 2748 et
689 2684 856 2749 orchestra
887 2709 929 2750 an
960 2687 993 2749 in
1025 2690 1175 2755 machina
1200 2692 1249 2756 hi-

346 2780 485 2845 striones
508 2791 616 2864 agant.

121 2899 145 2964 Χ
195 2914 337 2978 Ischol.
362 2913 521 2978 Ach.410

233 3013 384 3102 φαίνεται
404 3008 467 3098 χεὶρ
490 3010 547 3077 έπί
568 3014 627 3099 τῆς
647 3016 766 3100 σκηνῆς
786 3014 962 3099 μετέωρος.

192 3113 212 3177 2
236 3114 335 3180 schol.
359 3113 435 3178 Pac.
449 3110 492 3175 80

228 3213 395 3297 μετέωρος
415 3210 452 3278 δέ
473 3206 601 3299 αἴρεται
624 3212 681 3279 ἐπὶ
703 3217 857 3300 μηχανῆς.

190 3312 211 3378 3
233 3312 336 3378 schol.
357 3313 431 3378 Pac.
445 3312 509 3377 234

232 3416 320 3479 νοεῖν
340 3414 392 3478 δεῖ
411 3408 469 3479 τδν
484 3417 644 3498 Τρυγαῖον
664 3405 899 3501 α’ποβεβηκὸτα
920 3419 980 3481 τοῦ
1000 3409 1167 3498 κανθάρου
1191 3413 1249 3483 ἐπὶ

231 3515 289 3597 τῆς
311 3514 431 3598 σκηνῆς
450 3515 552 3577 ταῦτα
575 3511 686 3598 λέγειν.
798 3584 800 3588 ς
1080 3506 1083 3513 ’

190 3613 212 3676 4
231 3612 335 3679 schol.
356 3613 508 3698 Lya539

232 3708 356 3799 είσοίχει
376 3706 479 3793 αδτάς
503 3707 701 3799 ὀρχουμένας
722 3714 756 3781 έν
776 3719 816 3805 τῆ
838 3718 948 3803 σκηνῇ.

254 3927 289 3980 18
306 3925 413 3980 scholia
432 3925 462 3979 in
479 3924 632 3995 vesparum
649 3943 761 3981 versum
779 3929 831 3982 270
849 3885 992 3979 Ranarum
1009 3943 1053 3980 vv.
1076 3927 1126 3979 180
1143 3926 1172 3978 ei
1190 3926 1245 3979 269

150 4013 306 4082 similiaque
326 4014 460 4082 quaedam
481 4032 565 4085 quum
589 4013 661 4067 nihil
687 4013 744 4068 fera
768 4030 819 4067 nos
840 4012 985 4078 edoceant,
1016 4012 1169 4066 omittenda
1195 4014 1249 4067 hoc

148 4100 210 4154 loco
231 4117 338 4156 censeo.
