2714 4702
718 252 760 319 80

476 439 612 503 dextrae
632 437 770 524 periaeti
788 437 995 504 retrorotatio

197 569 350 644 θεράπαινα
596 573 663 623 1112
734 572 759 625 D

196 665 336 732 Βλέπυρος
352 657 524 733 μείρακες119
601 660 669 711 1128
740 659 763 710 Β

296 814 388 877 Inter
407 809 497 874 chori
517 809 641 873 cantica
673 808 876 873 descendunt
903 809 1082 875 histriones
1111 810 1146 873 in
1177 810 1292 876 erehe-

197 925 307 994 stram,
329 933 426 995 quam
449 931 545 973 versu
570 909 649 973 1181
676 933 837 974 unacum
862 910 1026 975 choreutis
1050 911 1162 995 (porta
1187 909 1215 973 F
1238 931 1294 974 ex·

199 1018 330 1094 euntes)
353 1011 552 1095 relinquunt.

677 1203 816 1287 Plutus

295 1379 562 1465 simplicissimus
595 1388 643 1443 est
676 1378 764 1443 Pluti
800 1379 928 1443 fabulae
968 1399 1107 1443 scaenae
1143 1387 1289 1443 ornatus.

196 1481 368 1566 Chremyli
397 1481 475 1544 villa
506 1479 649 1544 medium
672 1501 808 1544 seeenae
832 1478 941 1543 locum
963 1478 1114 1561 obtinuit,
1134 1480 1176 1544 eb
1202 1490 1293 1544 utro·

198 1605 261 1671 qne
281 1583 384 1647 latore
405 1591 552 1664 agrestes
573 1580 723 1666 depietae
748 1590 839 1644 erent
861 1580 1024 1663 regiones
1048 1581 1178 1645 Domus
1202 1578 1291 1643 illius

196 1693 299 1770 porta,
323 1702 461 1747 scaenae
484 1681 586 1745 valvis
608 1680 709 1764 regiis
734 1680 794 1763 (A)
817 1680 1051 1766 respondente,
1086 1681 1143 1765 qui
1165 1679 1290 1769 velin-

193 1792 280 1846 trant
301 1782 355 1845 vel
386 1780 578 1865 relinquunt
606 1781 707 1862 illam,
728 1783 850 1845 caeteri
884 1783 940 1866 qui
971 1781 1134 1868 pulpitum
1166 1779 1292 1844 intrant

193 1890 251 1943 aut
269 1880 461 1964 relinquunt
485 1879 658 1943 histriones
682 1879 820 1945 aditibus
846 1880 878 1944 D
903 1892 936 1945 et
957 1879 985 1943 E
1016 1888 1160 1944 utuntur.
1209 1876 1291 1942 Por-

192 1992 298 2044 tarum
322 1980 403 2043 Bet
428 1979 455 2045 O
477 2002 672 2066 quamquam
694 2004 787 2045 usum
810 1991 921 2046 nostra
943 1982 978 2045 in
999 1981 1109 2046 fabula
1129 1979 1203 2045 fieri
1223 2000 1291 2043 non

193 2102 274 2167 opus
298 2089 356 2157 est,
371 2079 638 2148 Schoenbornius
659 2091 768 2145 tamen
792 2103 891 2167 quum
908 2083 1051 2167 quinque
1064 2081 1197 2145 illarum
1213 2100 1291 2167 por-

191 2192 296 2246 tarum
319 2204 416 2245 unam
441 2183 576 2246 otiosam
601 2204 671 2248 esse
693 2205 768 2248 eum
784 2183 906 2269 pigeat,
926 2183 1087 2248 adhibitas
1100 2204 1155 2247 eas
1173 2201 1248 2247 esse
1271 2203 1290 2242 a

191 2292 288 2369 poeta
309 2280 380 2345 vult
403 2281 448 2367 (p.
464 2281 554 2363 295).

293 2383 360 2447 Per
380 2403 555 2467 quemnam
573 2382 696 2447 aditum
714 2390 784 2464 (aut
804 2384 835 2448 D
858 2393 913 2448 aut
937 2384 978 2462 E)
1000 2383 1123 2469 singuli
1146 2380 1290 2466 singulis

190 2481 272 2544 loeis
295 2481 469 2545 histriones
491 2481 685 2546 intraverint
707 2483 760 2548 vel
788 2484 943 2566 exierint,
973 2506 1073 2569 quum
1101 2482 1289 2571 disceptatu

194 2578 425 2645 difficillimum
448 2581 500 2664 sit,
529 2604 636 2668 neque
666 2605 780 2649 omnes
803 2585 863 2649 hae
886 2587 979 2649 inre
1002 2583 1212 2650 difficultates
1237 2605 1289 2648 re-

191 2681 316 2744 moveri
338 2683 473 2769 possint,
508 2683 709 2767 superfluum
732 2685 805 2750 fore
826 2694 904 2771 puto
927 2687 1099 2750 seiunctim
1122 2696 1289 2769 enarrare,

191 2779 382 2863 quibusnam
403 2782 505 2869 portis
525 2784 575 2846 usi
596 2783 663 2847 sint
679 2784 867 2852 histriones.

291 3008 341 3060 119
359 3007 393 3062 ef.
411 3024 523 3062 vorsum
545 3012 613 3063 1138
