2714 4702
656 153 695 213 ill

128 340 241 406 A242
273 336 482 421 (llirschigii)
505 336 659 400 obtestari
692 357 879 422 possumus:
925 323 1230 420 &montisregalis

128 440 250 525 ἐκείνης
269 442 327 526 τῆς
348 433 472 519 acarde,
495 434 656 520 ἐδέθησαν
678 435 929 521 ἐπιμελεστέραν
951 432 1080 523 ἕνξὺλῳ
1092 432 1230 520 πάντες,

127 542 205 623 μεθ’
228 539 349 627 ἡμέραν
369 539 404 605 δὲ
417 534 435 603 ὁ
448 531 621 619 οἶκόνομος
643 532 779 622 ἐμήνυσε
801 540 848 622 aqi
872 534 1018 625 δεσπότῃ
1038 534 1076 603 cd
1088 531 1230 620 συμβάν.

129 633 290 718 Κάκεῖνος
322 634 398 705 οῦδὲ
429 636 510 704 idaia
531 633 651 714 αὐτοῦς
677 629 751 702 asida*
774 629 1051 721 circulcyarps‘rrov
1082 628 1229 714 ἀκούσας

129 733 231 820 stete
248 741 394 806 ἐκέλευσε
415 734 492 814 νοῦς
511 734 549 819 (ἐξ
568 737 621 801 καὶ
646 736 722 802 δέκα
743 741 820 814 ταῖς
842 733 1045 825 ὁμοσκῄναυς
1065 728 1230 802 ἀνασταυ-

97 844 101 850 ’
126 844 239 923 ρῶσαι.
278 833 504 924 Προήχθησαν
526 826 582 903 οὖν
604 833 711 914 πόδας
731 860 767 902 τε
788 837 841 902 καὶ
865 832 1046 922 τραχήλους
1066 835 1226 901 συνδεδε-

128 938 241 1023 σμένοι
262 938 316 1003 καὶ
334 936 469 1015 ἕκαστος
490 930 597 1003 αἰτῶν
617 935 655 1002 τὸ
678 933 818 1021 asarota
841 934 951 1024 ἔφερε.

229 1039 321 1120 Quae
343 1039 447 1102 forma
470 1037 881 1124 Thesmophoriazusarum
904 1034 1036 1118 quidem
1058 1034 1092 1096 in
1114 1032 1229 1097 sabula
1317 1103 1320 1107 ⁴

130 1137 229 1202 fuerit
251 1134 271 1217 ἡ
292 1137 391 1219 σανίς,
415 1161 510 1202 versu
533 1147 668 1225 apparet
689 1135 864 1200 admodum
888 1135 1001 1222 putido
1028 1133 1108 1197 1119
1134 1154 1182 1217 sq.

229 1239 280 1303 De
305 1239 442 1323 singulis
464 1240 573 1321 rebus,
599 1259 682 1323 quae
705 1257 840 1300 scaenae
870 1234 1006 1319 picturis
1035 1254 1229 1320 repraesen-

129 1347 215 1401 tatae
238 1338 338 1403 t‘uisse
361 1338 493 1425 possint,
516 1338 691 1402 dicendum
714 1346 772 1401 est.
825 1336 913 1417 Quid
947 1357 1062 1398 caussa
1092 1334 1133 1397 sit
1166 1354 1229 1395 cur

130 1437 397 1505 Schoenbornius
432 1439 619 1521 Agathonis
652 1437 783 1500 domum
815 1437 865 1499 his
901 1434 1009 1498 verbis
1043 1432 1227 1497 describat:

132 1540 210 1603 radas
233 1537 729 1624 Ηαα611118ρίγκ111·ς(1.68),
762 1560 821 1599 vor
850 1535 918 1599 alala
951 1539 1043 1599 einen
1067 1535 1229 1618 soraaa'pca

130 1644 222 1708 Platz
244 1642 310 1722 (68)
332 1641 400 1704 aad
421 1641 527 1702 stellte
548 1638 616 1702 sich
639 1637 745 1701 sicher
764 1637 813 1699 als
827 1638 889 1718 eila,
902 1659 993 1700 welca
1005 1635 1093 1699 aa'clzt
1106 1631 1229 1720 pritele-

131 1745 222 1829 tipes,
247 1765 283 1805 so
304 1741 384 1804 decla
409 1749 550 1802 &asserat
572 1737 740 1801 zierla’cles
757 1737 911 1802 Gebaade
927 1737 998 1818 dar,
1015 1737 1056 1799 da
1072 1734 1226 1820 611114911-

133 1843 209 1905 tlon
239 1865 270 1904 es
303 1841 481 1904 bewollate«
517 1838 638 1903 nescia.
673 1837 831 1922 θρίγκονς
861 1859 977 1900 vocem
1012 1845 1227 1922 usurpantem

135 1942 215 2007 fecit
239 1941 478 2027 Aristophanes
500 1942 687 2023 Agathonis
712 1963 843 2006 servum
865 1962 923 2027 pro
948 1940 1107 2005 vocabulo
1126 1933 1228 2024 dieo,

134 2052 171 2106 ut
183 2041 383 2128 exprimeret
396 2042 523 2126 poetica
538 2041 595 2105 illa
606 2041 677 2105 heri
690 2041 721 2104 vi
734 2064 865 2106 servum
878 2043 940 2106 iam
958 2044 1115 2106 infectum
1138 2060 1230 2121 essc3

132 2139 281 2206 similiter
305 2136 400 2223 ‘node
413 2136 471 2205 τὸν
485 2136 583 2226 ἥλιον
611 2143 710 2205 verba
732 2141 814 2205 nihil
828 2141 917 2205 aliud
929 2141 1115 2226 significare
1131 2160 1229 2224 quam

134 2238 296 2304 adiectum
318 2235 442 2327 θύραζε
461 2243 655 2306 vocabulum
678 2242 774 2306 facile
798 2250 846 2305 est
868 2241 1047 2306 intellectu.
1091 2238 1229 2321 Quomi·

132 2364 194 2407 nus
217 2353 325 2406 autem
338 2352 515 2408 statuamus
530 2344 661 2407 domum
683 2343 786 2429 ipsam
811 2341 934 2406 crebris
950 2341 1114 2428 variisque
1134 2361 1229 2403 orna-

133 2442 252 2507 mentis
278 2442 448 2526 eleganter
472 2450 652 2507 extructam
676 2443 805 2524 faissse‚
829 2442 910 2505 nihil
934 2451 983 2505 est
1006 2440 1092 2526 quod
1112 2441 1231 2521 obstet,

132 2541 223 2623 nihil,
246 2542 333 2627 quod
356 2552 453 2625 cogat
481 2552 517 2606 ut
540 2543 780 2610 Schoenbornii
802 2543 996 2606 sententiam
1021 2540 1230 2627 accipiamus.

235 2643 323 2707 Ante
346 2642 643 2729 Thesmophorium
664 2652 773 2707 autem
799 2641 930 2707 Cereris
944 2640 1226 2728 Proserpinaeque

134 2743 314 2823 simulacra,
338 2752 374 2805 ut
394 2746 465 2806 ταῖν
485 2737 716 2831 θεσμοφόρων
738 2746 836 2809 θεοῖν
858 2752 1032 2830 conspecta
1055 2741 1155 2807 fuisse
1174 2762 1229 2804 vc-

132 2841 362 2906 risimillimum
388 2851 447 2925 est,
479 2864 579 2926 quum
601 2842 650 2906 his
673 2843 798 2907 duabus
822 2842 1045 2907 Mnesilochus
1077 2841 1136 2905 sub
1159 2861 1229 2902 mu-

135 2940 227 3006 lieris
248 2963 389 3028 persona
412 2965 503 3006 sacra
525 2943 649 3007 offerat.
676 2943 763 3008 Num
785 2954 893 3008 autem
916 2944 1022 3029 ipsum
1041 2941 1125 3013 illud
1149 2950 1229 3004 tem·

134 3042 226 3129 plum
250 3041 386 3129 picturis
410 3064 601 3127 expressum
623 3044 731 3123 fuerit,
755 3043 962 3108 discernendi
987 3044 1109 3106 nullam
1130 3042 1229 3106 habe-

135 3165 206 3206 mus
229 3164 350 3223 ansam,
373 3143 498 3206 etiamsi
519 3154 625 3207 autem
649 3167 720 3209 eam
743 3145 936 3209 haberemus
960 3164 1058 3228 quum
1074 3142 1229 3206 Thesmo-

137 3242 244 3328 phorii
268 3251 301 3305 et
323 3242 465 3328 speeiem
490 3253 523 3306 ct
545 3243 654 3308 locum
676 3245 746 3307 1616
767 3243 968 3328 ignoremus,
993 3240 1114 3305 nullius
1137 3240 1232 3303 nobis

40 3376 43 3383 ·
137 3351 223 3406 esset
253 3341 419 3406 momenti.
477 3342 589 3410 Unum
623 3353 734 3408 tamen
769 3343 891 3408 certius
925 3341 1073 3423 indagari
1106 3347 1231 3426 potest:

137 3441 252 3529 templi
272 3451 397 3528 portam
419 3443 521 3508 valvis
545 3445 646 3529 regiis
668 3445 921 3532 respondentem
939 3442 1048 3508 claudi
1065 3450 1097 3506 et
1110 3438 1231 3527 aperiri

138 3544 283 3630 potuisse
304 3542 460 3629 iuxtaque
482 3546 640 3630 templum
661 3547 846 3610 aedificium
870 3544 1033 3632 depictam
1067 3543 1168 3607 fuisse
1189 3577 1231 3588 -—

137 3651 212 3706 ante
234 3663 372 3707 scaenae
393 3653 518 3729 portam
541 3645 567 3710 B
589 3646 643 3710 vel
665 3644 745 3710 O--
767 3646 824 3710 ubi
848 3643 1068 3709 Mnesilochus
1090 3641 1226 3705 vincire·

138 3751 192 3805 tur
214 3764 368 3826 aramque
392 3763 456 3827 qua
480 3767 576 3810 versu
597 3745 659 3809 695
681 3744 738 3809 illc
761 3745 937 3828 aufugeret
959 3754 991 3808 et
1014 3765 1111 3828 quam
1132 3746 1230 3826 Πρω-

135 3838 218 3917 τέως
240 3843 328 3927 σῆμα
350 3863 421 3906 6666
452 3864 546 3907 versu
576 3845 637 3909 886
670 3843 870 3928 significaret
904 3844 937 3907 in
967 3843 1093 3929 pulpito
1119 3840 1229 3906 fuisse.

139 3941 246 4022 Quam
277 3965 365 4006 aram
395 3943 567 4027 agalmatis
599 3943 782 4029 tabulisque
807 3952 951 4008 ornatam
974 3943 1075 4008 fuisse
1094 3964 1135 4009 ex
1157 3963 1229 4007 ver·

140 4039 228 4104 sibus
251 4041 313 4105 770
334 4065 403 4129 sqq.
427 4051 572 4130 apparet.
