<?xml version="1.0" encoding="UTF-8"?>
<!DOCTYPE html PUBLIC "-//W3C//DTD XHTML 1.0 Transitional//EN"
    "http://www.w3.org/TR/xhtml1/DTD/xhtml1-transitional.dtd">
<html xmlns="http://www.w3.org/1999/xhtml" xml:lang="en" lang="en">
 <head>
  <title>
</title>
<meta http-equiv="Content-Type" content="text/html;charset=utf-8" />
  <meta name='ocr-system' content='tesseract 3.04.00' />
  <meta name='ocr-capabilities' content='ocr_page ocr_carea ocr_par ocr_line ocrx_word'/>
</head>
<body>
  <div class='ocr_page' id='page_1' title='image "./quaestionesdear01droygoog_0031.png"; bbox 0 0 2714 4702; ppageno 0'>
   <div class='ocr_carea' id='block_1_1' title="bbox 655 126 699 226">
    <p class='ocr_par' dir='ltr' id='par_1_1' title="bbox 655 126 699 226">
     <span class='ocr_line' id='line_1_1' title="bbox 655 126 699 226; baseline 0.045 -2"><span class='ocrx_word' id='word_1_1' title='bbox 655 126 699 226; x_wconf 79' lang='grc' dir='ltr'><strong>ιο</strong></span> 
     </span>
    </p>
   </div>
   <div class='ocr_carea' id='block_1_2' title="bbox 169 339 1238 1440">
    <p class='ocr_par' dir='ltr' id='par_1_2' title="bbox 169 339 1234 738">
     <span class='ocr_line' id='line_1_2' title="bbox 169 339 1231 439; baseline -0.001 -21"><span class='ocrx_word' id='word_1_2' title='bbox 169 354 190 418; x_wconf 87' lang='grc'><strong>3</strong></span> <span class='ocrx_word' id='word_1_3' title='bbox 213 373 283 436; x_wconf 81' lang='lat' dir='ltr'><strong>urg.</strong></span> <span class='ocrx_word' id='word_1_4' title='bbox 296 347 453 415; x_wconf 74' lang='lat' dir='ltr'><strong>Naum</strong></span> <span class='ocrx_word' id='word_1_5' title='bbox 475 343 514 412; x_wconf 75' lang='grc' dir='ltr'><strong>τὸ</strong></span> <span class='ocrx_word' id='word_1_6' title='bbox 534 343 570 410; x_wconf 76' lang='grc' dir='ltr'><strong>δὲ</strong></span> <span class='ocrx_word' id='word_1_7' title='bbox 591 345 698 429; x_wconf 82' lang='grc' dir='ltr'><em>δρᾶμα</em></span> <span class='ocrx_word' id='word_1_8' title='bbox 718 347 785 409; x_wconf 77' lang='grc' dir='ltr'><strong>τῶν</strong></span> <span class='ocrx_word' id='word_1_9' title='bbox 806 339 891 411; x_wconf 82' lang='grc' dir='ltr'><em>πάνυ</em></span> <span class='ocrx_word' id='word_1_10' title='bbox 913 346 1058 427; x_wconf 81' lang='grc' dir='ltr'><strong><em>δυνατῶς</em></strong></span> <span class='ocrx_word' id='word_1_11' title='bbox 1088 374 1231 439; x_wconf 83' lang='grc' dir='ltr'><em>πεποιη·</em></span> 
     </span>
     <span class='ocr_line' id='line_1_3' title="bbox 210 446 626 536; baseline -0.012 -19"><span class='ocrx_word' id='word_1_12' title='bbox 210 450 316 536; x_wconf 84' lang='grc' dir='ltr'><em>μένων</em></span> <span class='ocrx_word' id='word_1_13' title='bbox 337 475 379 507; x_wconf 92' lang='grc'><strong>--·</strong></span> <span class='ocrx_word' id='word_1_14' title='bbox 401 469 471 532; x_wconf 80' lang='lat' dir='ltr'><strong>arg.</strong></span> <span class='ocrx_word' id='word_1_15' title='bbox 493 446 626 512; x_wconf 89' lang='lat' dir='ltr'><strong>Nub.X</strong></span> 
     </span>
     <span class='ocr_line' id='line_1_4' title="bbox 212 544 1234 636; baseline 0.001 -19"><span class='ocrx_word' id='word_1_16' title='bbox 212 554 252 619; x_wconf 83' lang='lat' dir='ltr'><strong>cs.</strong></span> <span class='ocrx_word' id='word_1_17' title='bbox 274 575 343 636; x_wconf 89' lang='lat' dir='ltr'><strong>arg.</strong></span> <span class='ocrx_word' id='word_1_18' title='bbox 369 548 535 614; x_wconf 90' lang='lat' dir='ltr'><strong>Nub.Vll</strong></span> <span class='ocrx_word' id='word_1_19' title='bbox 554 544 593 614; x_wconf 84' lang='grc' dir='ltr'><strong>τὸ</strong></span> <span class='ocrx_word' id='word_1_20' title='bbox 617 547 653 613; x_wconf 80' lang='grc' dir='ltr'><strong>δὲ</strong></span> <span class='ocrx_word' id='word_1_21' title='bbox 674 549 781 631; x_wconf 82' lang='grc' dir='ltr'><em>δρᾶμα</em></span> <span class='ocrx_word' id='word_1_22' title='bbox 801 551 859 635; x_wconf 80' lang='grc' dir='ltr'><strong>τῆς</strong></span> <span class='ocrx_word' id='word_1_23' title='bbox 872 544 950 636; x_wconf 81' lang='grc' dir='ltr'><strong><em>ὅλης</em></strong></span> <span class='ocrx_word' id='word_1_24' title='bbox 964 546 1137 636; x_wconf 77' lang='grc' dir='ltr'><strong>ποιήσεως</strong></span> <span class='ocrx_word' id='word_1_25' title='bbox 1158 547 1234 618; x_wconf 80' lang='grc' dir='ltr'><strong><em>κάλ·</em></strong></span> 
     </span>
     <span class='ocr_line' id='line_1_5' title="bbox 210 643 765 738; baseline -0.011 -19"><span class='ocrx_word' id='word_1_26' title='bbox 210 647 322 719; x_wconf 84' lang='grc' dir='ltr'><em>λιστὸν</em></span> <span class='ocrx_word' id='word_1_27' title='bbox 342 671 425 738; x_wconf 84' lang='grc' dir='ltr'><em>φασι</em></span> <span class='ocrx_word' id='word_1_28' title='bbox 445 648 500 713; x_wconf 82' lang='grc' dir='ltr'><strong>καὶ</strong></span> <span class='ocrx_word' id='word_1_29' title='bbox 520 643 765 729; x_wconf 79' lang='grc' dir='ltr'><em>τεχνικώτατον.</em></span> 
     </span>
    </p>

    <p class='ocr_par' dir='ltr' id='par_1_3' title="bbox 169 739 1187 838">
     <span class='ocr_line' id='line_1_6' title="bbox 169 739 1187 838; baseline 0.004 -21"><span class='ocrx_word' id='word_1_30' title='bbox 169 756 190 817; x_wconf 90' lang='grc'><strong>4</strong></span> <span class='ocrx_word' id='word_1_31' title='bbox 211 776 280 838; x_wconf 87' lang='lat' dir='ltr'><strong>arg.</strong></span> <span class='ocrx_word' id='word_1_32' title='bbox 303 751 411 818; x_wconf 74' lang='lat' dir='ltr'><strong>Paul</strong></span> <span class='ocrx_word' id='word_1_33' title='bbox 433 745 471 815; x_wconf 82' lang='grc' dir='ltr'><strong>τὸ</strong></span> <span class='ocrx_word' id='word_1_34' title='bbox 492 747 529 814; x_wconf 77' lang='grc' dir='ltr'><strong>δὲ</strong></span> <span class='ocrx_word' id='word_1_35' title='bbox 549 750 656 833; x_wconf 80' lang='grc' dir='ltr'><strong><em>δρᾶμα</em></strong></span> <span class='ocrx_word' id='word_1_36' title='bbox 676 752 742 813; x_wconf 83' lang='grc' dir='ltr'><strong>τῶν</strong></span> <span class='ocrx_word' id='word_1_37' title='bbox 763 739 842 835; x_wconf 67' lang='grc' dir='ltr'><em>ἄγαν</em></span> <span class='ocrx_word' id='word_1_38' title='bbox 863 749 1187 837; x_wconf 52' lang='grc' dir='ltr'><em>ἐπιτετευγμένωνῖῑ.</em></span> 
     </span>
    </p>

    <p class='ocr_par' dir='ltr' id='par_1_4' title="bbox 170 841 1236 1038">
     <span class='ocr_line' id='line_1_7' title="bbox 170 841 1236 937; baseline 0.002 -20"><span class='ocrx_word' id='word_1_39' title='bbox 170 856 283 937; x_wconf 76' lang='lat' dir='ltr'><strong>berg.</strong></span> <span class='ocrx_word' id='word_1_40' title='bbox 313 853 417 916; x_wconf 75' lang='lat' dir='ltr'><strong>Aul</strong></span> <span class='ocrx_word' id='word_1_41' title='bbox 448 846 486 914; x_wconf 81' lang='grc' dir='ltr'><strong>τὸ</strong></span> <span class='ocrx_word' id='word_1_42' title='bbox 509 850 633 934; x_wconf 81' lang='grc' dir='ltr'><em>δρᾶμια</em></span> <span class='ocrx_word' id='word_1_43' title='bbox 667 853 767 915; x_wconf 77' lang='grc' dir='ltr'><em>τοῦτο</em></span> <span class='ocrx_word' id='word_1_44' title='bbox 796 853 862 914; x_wconf 80' lang='grc' dir='ltr'><strong>τῶν</strong></span> <span class='ocrx_word' id='word_1_45' title='bbox 890 841 969 936; x_wconf 71' lang='grc' dir='ltr'><em>ἶν’γαν</em></span> <span class='ocrx_word' id='word_1_46' title='bbox 1001 853 1148 933; x_wconf 78' lang='grc' dir='ltr'><strong><em>δυνατῶς</em></strong></span> <span class='ocrx_word' id='word_1_47' title='bbox 1175 879 1236 920; x_wconf 84' lang='grc' dir='ltr'><strong>πε-</strong></span> 
     </span>
     <span class='ocr_line' id='line_1_8' title="bbox 212 952 408 1038; baseline 0.005 -22"><span class='ocrx_word' id='word_1_48' title='bbox 212 952 408 1038; x_wconf 83' lang='grc' dir='ltr'><em>ποιημὲνων.</em></span> 
     </span>
    </p>

    <p class='ocr_par' dir='ltr' id='par_1_5' title="bbox 170 1051 1237 1237">
     <span class='ocr_line' id='line_1_9' title="bbox 170 1051 1237 1141; baseline 0.003 -21"><span class='ocrx_word' id='word_1_49' title='bbox 170 1057 190 1120; x_wconf 94' lang='grc'><strong>6</strong></span> <span class='ocrx_word' id='word_1_50' title='bbox 210 1055 312 1120; x_wconf 89' lang='lat' dir='ltr'><strong>schol.</strong></span> <span class='ocrx_word' id='word_1_51' title='bbox 334 1053 467 1119; x_wconf 87' lang='lat' dir='ltr'><strong>Thesm.</strong></span> <span class='ocrx_word' id='word_1_52' title='bbox 488 1051 661 1117; x_wconf 88' lang='lat' dir='ltr'><strong>Duebneri</strong></span> <span class='ocrx_word' id='word_1_53' title='bbox 681 1073 780 1116; x_wconf 88' lang='lat' dir='ltr'><strong>versu</strong></span> <span class='ocrx_word' id='word_1_54' title='bbox 805 1053 825 1114; x_wconf 88' lang='lat'><strong>3</strong></span> <span class='ocrx_word' id='word_1_55' title='bbox 861 1053 915 1118; x_wconf 83' lang='grc' dir='ltr'><strong>καὶ</strong></span> <span class='ocrx_word' id='word_1_56' title='bbox 942 1058 1041 1119; x_wconf 80' lang='grc' dir='ltr'><em>τοῦτο</em></span> <span class='ocrx_word' id='word_1_57' title='bbox 1061 1051 1101 1121; x_wconf 77' lang='grc' dir='ltr'><strong>τὸ</strong></span> <span class='ocrx_word' id='word_1_58' title='bbox 1123 1057 1237 1141; x_wconf 83' lang='grc' dir='ltr'><em>ὄρᾶμο</em></span> 
     </span>
     <span class='ocr_line' id='line_1_10' title="bbox 212 1144 833 1237; baseline -0.002 -19"><span class='ocrx_word' id='word_1_59' title='bbox 212 1157 279 1219; x_wconf 75' lang='lat' dir='ltr'><strong>triv</strong></span> <span class='ocrx_word' id='word_1_60' title='bbox 300 1154 368 1218; x_wconf 87' lang='grc' dir='ltr'><em>κοτ’</em></span> <span class='ocrx_word' id='word_1_61' title='bbox 390 1144 571 1236; x_wconf 72' lang='grc' dir='ltr'><em>Εὐριπίδου</em></span> <span class='ocrx_word' id='word_1_62' title='bbox 592 1151 833 1237; x_wconf 77' lang='grc' dir='ltr'><em>πεποιημένων.</em></span> 
     </span>
    </p>

    <p class='ocr_par' dir='ltr' id='par_1_6' title="bbox 172 1240 1238 1440">
     <span class='ocr_line' id='line_1_11' title="bbox 172 1240 1238 1343; baseline 0.005 -26"><span class='ocrx_word' id='word_1_63' title='bbox 172 1255 283 1339; x_wconf 81' lang='lat' dir='ltr'><strong>larg.</strong></span> <span class='ocrx_word' id='word_1_64' title='bbox 309 1253 420 1320; x_wconf 80' lang='lat' dir='ltr'><strong>RamI</strong></span> <span class='ocrx_word' id='word_1_65' title='bbox 441 1247 480 1318; x_wconf 75' lang='lat' dir='ltr'><strong>tri</strong></span> <span class='ocrx_word' id='word_1_66' title='bbox 501 1251 537 1317; x_wconf 80' lang='grc' dir='ltr'><strong>δὲ</strong></span> <span class='ocrx_word' id='word_1_67' title='bbox 556 1251 666 1335; x_wconf 79' lang='grc' dir='ltr'><strong><em>δρᾶμα</em></strong></span> <span class='ocrx_word' id='word_1_68' title='bbox 689 1255 757 1317; x_wconf 80' lang='grc' dir='ltr'><strong>νων</strong></span> <span class='ocrx_word' id='word_1_69' title='bbox 780 1240 821 1318; x_wconf 78' lang='grc' dir='ltr'><strong>εὖ</strong></span> <span class='ocrx_word' id='word_1_70' title='bbox 853 1248 939 1318; x_wconf 82' lang='grc' dir='ltr'><em>πάνυ</em></span> <span class='ocrx_word' id='word_1_71' title='bbox 971 1253 1025 1319; x_wconf 82' lang='grc' dir='ltr'><strong>καὶ</strong></span> <span class='ocrx_word' id='word_1_72' title='bbox 1045 1252 1238 1343; x_wconf 79' lang='grc' dir='ltr'><em>φιλολόγως</em></span> 
     </span>
     <span class='ocr_line' id='line_1_12' title="bbox 212 1354 454 1440; baseline 0.004 -21"><span class='ocrx_word' id='word_1_73' title='bbox 212 1354 454 1440; x_wconf 80' lang='grc' dir='ltr'><em>πεποιημένων.</em></span> 
     </span>
    </p>
   </div>
   <div class='ocr_carea' id='block_1_3' title="bbox 130 1524 1237 2129">
    <p class='ocr_par' dir='ltr' id='par_1_7' title="bbox 130 1524 1237 2129">
     <span class='ocr_line' id='line_1_13' title="bbox 227 1524 1235 1622; baseline 0.003 -17"><span class='ocrx_word' id='word_1_74' title='bbox 227 1541 297 1605; x_wconf 90' lang='lat' dir='ltr'><strong>Iam</strong></span> <span class='ocrx_word' id='word_1_75' title='bbox 306 1539 445 1603; x_wconf 81' lang='lat' dir='ltr'><strong>vidimus</strong></span> <span class='ocrx_word' id='word_1_76' title='bbox 458 1546 612 1622; x_wconf 90' lang='lat' dir='ltr'><strong>quantum</strong></span> <span class='ocrx_word' id='word_1_77' title='bbox 626 1537 810 1602; x_wconf 82' lang='lat' dir='ltr'><strong>facultatem</strong></span> <span class='ocrx_word' id='word_1_78' title='bbox 823 1524 1010 1622; x_wconf 79' lang='lat' dir='ltr'><strong>inquirendi</strong></span> <span class='ocrx_word' id='word_1_79' title='bbox 1024 1539 1058 1602; x_wconf 91' lang='lat' dir='ltr'><strong>in</strong></span> <span class='ocrx_word' id='word_1_80' title='bbox 1071 1562 1125 1605; x_wconf 89' lang='lat' dir='ltr'><strong>res</strong></span> <span class='ocrx_word' id='word_1_81' title='bbox 1139 1565 1235 1608; x_wconf 88' lang='lat' dir='ltr'><strong>scae-</strong></span> 
     </span>
     <span class='ocr_line' id='line_1_14' title="bbox 131 1637 1237 1727; baseline 0.007 -25"><span class='ocrx_word' id='word_1_82' title='bbox 131 1640 220 1704; x_wconf 87' lang='lat' dir='ltr'><strong>nicas</strong></span> <span class='ocrx_word' id='word_1_83' title='bbox 242 1641 313 1727; x_wconf 88' lang='lat' dir='ltr'><strong>ipse</strong></span> <span class='ocrx_word' id='word_1_84' title='bbox 336 1647 433 1726; x_wconf 88' lang='lat' dir='ltr'><strong>poeta</strong></span> <span class='ocrx_word' id='word_1_85' title='bbox 455 1637 638 1701; x_wconf 84' lang='lat' dir='ltr'><strong>fabularum</strong></span> <span class='ocrx_word' id='word_1_86' title='bbox 660 1637 770 1702; x_wconf 88' lang='lat' dir='ltr'><strong>verbis</strong></span> <span class='ocrx_word' id='word_1_87' title='bbox 790 1638 885 1704; x_wconf 88' lang='lat' dir='ltr'><strong>nobis</strong></span> <span class='ocrx_word' id='word_1_88' title='bbox 906 1640 1073 1726; x_wconf 87' lang='lat' dir='ltr'><strong>praebeat,</strong></span> <span class='ocrx_word' id='word_1_89' title='bbox 1095 1652 1128 1705; x_wconf 90' lang='lat' dir='ltr'><strong>et</strong></span> <span class='ocrx_word' id='word_1_90' title='bbox 1152 1644 1237 1727; x_wconf 87' lang='lat' dir='ltr'><strong>quid.</strong></span> 
     </span>
     <span class='ocr_line' id='line_1_15' title="bbox 130 1737 1234 1826; baseline 0.001 -22"><span class='ocrx_word' id='word_1_91' title='bbox 130 1762 174 1804; x_wconf 87' lang='lat' dir='ltr'><strong>ex</strong></span> <span class='ocrx_word' id='word_1_92' title='bbox 194 1740 484 1822; x_wconf 88' lang='lat' dir='ltr'><strong>grammaticorum</strong></span> <span class='ocrx_word' id='word_1_93' title='bbox 509 1737 623 1801; x_wconf 89' lang='lat' dir='ltr'><strong>studiis</strong></span> <span class='ocrx_word' id='word_1_94' title='bbox 645 1738 766 1801; x_wconf 84' lang='lat' dir='ltr'><strong>lucrari</strong></span> <span class='ocrx_word' id='word_1_95' title='bbox 787 1761 969 1826; x_wconf 89' lang='lat' dir='ltr'><strong>possumus.</strong></span> <span class='ocrx_word' id='word_1_96' title='bbox 1027 1739 1098 1804; x_wconf 89' lang='lat' dir='ltr'><strong>Hoc</strong></span> <span class='ocrx_word' id='word_1_97' title='bbox 1128 1764 1234 1805; x_wconf 91' lang='lat' dir='ltr'><strong>unum</strong></span> 
     </span>
     <span class='ocr_line' id='line_1_16' title="bbox 133 1839 1233 1931; baseline 0.002 -26"><span class='ocrx_word' id='word_1_98' title='bbox 133 1850 245 1922; x_wconf 88' lang='lat' dir='ltr'><strong>restat,</strong></span> <span class='ocrx_word' id='word_1_99' title='bbox 266 1849 301 1903; x_wconf 92' lang='lat' dir='ltr'><strong>ut</strong></span> <span class='ocrx_word' id='word_1_100' title='bbox 323 1849 416 1904; x_wconf 91' lang='lat' dir='ltr'><strong>notas</strong></span> <span class='ocrx_word' id='word_1_101' title='bbox 436 1839 600 1902; x_wconf 90' lang='lat' dir='ltr'><strong>scaenicas</strong></span> <span class='ocrx_word' id='word_1_102' title='bbox 625 1839 765 1924; x_wconf 82' lang='lat' dir='ltr'><strong>singulis</strong></span> <span class='ocrx_word' id='word_1_103' title='bbox 787 1840 904 1905; x_wconf 84' lang='lat' dir='ltr'><strong>fabulis</strong></span> <span class='ocrx_word' id='word_1_104' title='bbox 927 1841 979 1905; x_wconf 90' lang='lat' dir='ltr'><strong>vel</strong></span> <span class='ocrx_word' id='word_1_105' title='bbox 1004 1841 1044 1905; x_wconf 90' lang='lat' dir='ltr'><strong>ab</strong></span> <span class='ocrx_word' id='word_1_106' title='bbox 1066 1840 1138 1931; x_wconf 91' lang='lat' dir='ltr'><strong>ipso</strong></span> <span class='ocrx_word' id='word_1_107' title='bbox 1152 1843 1233 1907; x_wconf 90' lang='lat' dir='ltr'><strong>Ari-</strong></span> 
     </span>
     <span class='ocr_line' id='line_1_17' title="bbox 132 1938 1234 2026; baseline 0.002 -22"><span class='ocrx_word' id='word_1_108' title='bbox 132 1939 290 2024; x_wconf 85' lang='lat' dir='ltr'><strong>stophane</strong></span> <span class='ocrx_word' id='word_1_109' title='bbox 313 1939 365 2003; x_wconf 88' lang='lat' dir='ltr'><strong>vel</strong></span> <span class='ocrx_word' id='word_1_110' title='bbox 387 1939 426 2002; x_wconf 92' lang='lat' dir='ltr'><strong>ab</strong></span> <span class='ocrx_word' id='word_1_111' title='bbox 451 1961 489 2002; x_wconf 94' lang='lat' dir='ltr'><strong>eo</strong></span> <span class='ocrx_word' id='word_1_112' title='bbox 512 1938 565 2021; x_wconf 87' lang='lat' dir='ltr'><strong>qui</strong></span> <span class='ocrx_word' id='word_1_113' title='bbox 596 1939 723 2004; x_wconf 86' lang='lat' dir='ltr'><strong>fabulas</strong></span> <span class='ocrx_word' id='word_1_114' title='bbox 758 1939 827 2004; x_wconf 88' lang='lat' dir='ltr'><strong>eius</strong></span> <span class='ocrx_word' id='word_1_115' title='bbox 859 1941 891 2004; x_wconf 92' lang='lat' dir='ltr'><strong>in</strong></span> <span class='ocrx_word' id='word_1_116' title='bbox 923 1962 1071 2005; x_wconf 82' lang='lat' dir='ltr'><strong>scaenam</strong></span> <span class='ocrx_word' id='word_1_117' title='bbox 1106 1941 1234 2026; x_wconf 89' lang='lat' dir='ltr'><strong>produ-</strong></span> 
     </span>
     <span class='ocr_line' id='line_1_18' title="bbox 132 2039 1233 2129; baseline 0.002 -22"><span class='ocrx_word' id='word_1_118' title='bbox 132 2040 253 2107; x_wconf 89' lang='lat' dir='ltr'><strong>cendas</strong></span> <span class='ocrx_word' id='word_1_119' title='bbox 277 2041 451 2123; x_wconf 82' lang='lat' dir='ltr'><strong>curaverit,</strong></span> <span class='ocrx_word' id='word_1_120' title='bbox 463 2039 605 2104; x_wconf 87' lang='lat' dir='ltr'><strong>adiectas</strong></span> <span class='ocrx_word' id='word_1_121' title='bbox 615 2044 642 2082; x_wconf 74' lang='lat'><strong>²²</strong></span> <span class='ocrx_word' id='word_1_122' title='bbox 653 2042 762 2128; x_wconf 87' lang='lat' dir='ltr'><strong>paullo</strong></span> <span class='ocrx_word' id='word_1_123' title='bbox 776 2040 958 2106; x_wconf 88' lang='lat' dir='ltr'><strong>accuratius</strong></span> <span class='ocrx_word' id='word_1_124' title='bbox 974 2050 1233 2129; x_wconf 78' lang='lat' dir='ltr'><strong>perscrutemur.</strong></span> 
     </span>
    </p>
   </div>
   <div class='ocr_carea' id='block_1_4' title="bbox 100 2225 1271 4140">
    <p class='ocr_par' dir='ltr' id='par_1_8' title="bbox 128 2225 1234 2651">
     <span class='ocr_line' id='line_1_19' title="bbox 241 2225 1233 2297; baseline 0.003 -17"><span class='ocrx_word' id='word_1_125' title='bbox 241 2228 274 2280; x_wconf 81' lang='lat'><strong>21</strong></span> <span class='ocrx_word' id='word_1_126' title='bbox 294 2226 420 2280; x_wconf 83' lang='lat' dir='ltr'><strong>conferas</strong></span> <span class='ocrx_word' id='word_1_127' title='bbox 438 2225 520 2279; x_wconf 89' lang='lat' dir='ltr'><strong>velim</strong></span> <span class='ocrx_word' id='word_1_128' title='bbox 540 2227 696 2295; x_wconf 80' lang='lat' dir='ltr'><strong>argumenti</strong></span> <span class='ocrx_word' id='word_1_129' title='bbox 708 2226 875 2295; x_wconf 82' lang='lat' dir='ltr'><strong>Euripidene</strong></span> <span class='ocrx_word' id='word_1_130' title='bbox 894 2227 1001 2280; x_wconf 86' lang='lat' dir='ltr'><strong>Orestis</strong></span> <span class='ocrx_word' id='word_1_131' title='bbox 1019 2231 1130 2296; x_wconf 84' lang='lat' dir='ltr'><strong>partem</strong></span> <span class='ocrx_word' id='word_1_132' title='bbox 1147 2245 1233 2297; x_wconf 89' lang='lat' dir='ltr'><strong>quam</strong></span> 
     </span>
     <span class='ocr_line' id='line_1_20' title="bbox 129 2311 1234 2386; baseline 0.001 -18"><span class='ocrx_word' id='word_1_133' title='bbox 129 2315 215 2371; x_wconf 84' lang='lat' dir='ltr'><strong>litera</strong></span> <span class='ocrx_word' id='word_1_134' title='bbox 235 2314 267 2370; x_wconf 92' lang='lat' dir='ltr'><strong>F.</strong></span> <span class='ocrx_word' id='word_1_135' title='bbox 287 2313 561 2384; x_wconf 83' lang='lat' dir='ltr'><strong>Trendelenburgius</strong></span> <span class='ocrx_word' id='word_1_136' title='bbox 579 2312 627 2366; x_wconf 88' lang='lat' dir='ltr'><strong>l.l.</strong></span> <span class='ocrx_word' id='word_1_137' title='bbox 646 2315 699 2382; x_wconf 85' lang='lat' dir='ltr'><strong>p.9</strong></span> <span class='ocrx_word' id='word_1_138' title='bbox 717 2315 838 2369; x_wconf 87' lang='lat' dir='ltr'><strong>notavit:</strong></span> <span class='ocrx_word' id='word_1_139' title='bbox 865 2311 896 2367; x_wconf 85' lang='grc' dir='ltr'><strong>τὸ</strong></span> <span class='ocrx_word' id='word_1_140' title='bbox 916 2315 1010 2386; x_wconf 77' lang='grc' dir='ltr'><strong><em>δρᾶμα</em></strong></span> <span class='ocrx_word' id='word_1_141' title='bbox 1026 2316 1082 2369; x_wconf 77' lang='grc' dir='ltr'><strong>τῶν</strong></span> <span class='ocrx_word' id='word_1_142' title='bbox 1099 2316 1147 2369; x_wconf 77' lang='lat' dir='ltr'><strong>on</strong></span> <span class='ocrx_word' id='word_1_143' title='bbox 1164 2331 1234 2385; x_wconf 79' lang='grc' dir='ltr'><em>σκη-</em></span> 
     </span>
     <span class='ocr_line' id='line_1_21' title="bbox 130 2397 1234 2474; baseline 0.001 -17"><span class='ocrx_word' id='word_1_144' title='bbox 130 2405 178 2472; x_wconf 80' lang='grc' dir='ltr'><strong>νῆς</strong></span> <span class='ocrx_word' id='word_1_145' title='bbox 195 2397 422 2474; x_wconf 77' lang='grc' dir='ltr'><em>εὐδοκιμούντων,</em></span> <span class='ocrx_word' id='word_1_146' title='bbox 461 2401 635 2456; x_wconf 85' lang='lat' dir='ltr'><strong>Verteudum</strong></span> <span class='ocrx_word' id='word_1_147' title='bbox 654 2406 729 2456; x_wconf 86' lang='lat' dir='ltr'><strong>esset</strong></span> <span class='ocrx_word' id='word_1_148' title='bbox 746 2401 826 2456; x_wconf 89' lang='lat' dir='ltr'><strong>nohis</strong></span> <span class='ocrx_word' id='word_1_149' title='bbox 846 2401 880 2455; x_wconf 89' lang='lat' dir='ltr'><strong>de</strong></span> <span class='ocrx_word' id='word_1_150' title='bbox 896 2401 950 2455; x_wconf 86' lang='lat' dir='ltr'><strong>hac</strong></span> <span class='ocrx_word' id='word_1_151' title='bbox 968 2401 1121 2470; x_wconf 80' lang='lat' dir='ltr'><strong>Euripiden</strong></span> <span class='ocrx_word' id='word_1_152' title='bbox 1136 2401 1234 2459; x_wconf 82' lang='lat' dir='ltr'><strong>fabula</strong></span> 
     </span>
     <span class='ocr_line' id='line_1_22' title="bbox 128 2489 1232 2560; baseline -0.001 -14"><span class='ocrx_word' id='word_1_153' title='bbox 128 2492 263 2547; x_wconf 88' lang='lat' dir='ltr'><strong>iudicium</strong></span> <span class='ocrx_word' id='word_1_154' title='bbox 283 2491 342 2545; x_wconf 78' lang='lat' dir='ltr'><strong>»ein</strong></span> <span class='ocrx_word' id='word_1_155' title='bbox 361 2491 574 2545; x_wconf 68' lang='lat' dir='ltr'><strong>Btthaenstr&#39;tclm</strong></span> <span class='ocrx_word' id='word_1_156' title='bbox 595 2489 780 2557; x_wconf 83' lang='lat' dir='ltr'><strong>similiterque</strong></span> <span class='ocrx_word' id='word_1_157' title='bbox 798 2489 899 2543; x_wconf 88' lang='lat' dir='ltr'><strong>Pacem</strong></span> <span class='ocrx_word' id='word_1_158' title='bbox 918 2490 1159 2560; x_wconf 74' lang='lat' dir='ltr'><strong>Aristophanem,</strong></span> <span class='ocrx_word' id='word_1_159' title='bbox 1185 2509 1232 2545; x_wconf 90' lang='lat' dir='ltr'><strong>ar·</strong></span> 
     </span>
     <span class='ocr_line' id='line_1_23' title="bbox 128 2578 1229 2651; baseline 0 -16"><span class='ocrx_word' id='word_1_160' title='bbox 128 2579 254 2651; x_wconf 85' lang='lat' dir='ltr'><strong>gumenti</strong></span> <span class='ocrx_word' id='word_1_161' title='bbox 272 2585 358 2633; x_wconf 87' lang='lat' dir='ltr'><strong>verba</strong></span> <span class='ocrx_word' id='word_1_162' title='bbox 379 2579 598 2648; x_wconf 83' lang='lat' dir='ltr'><strong>interpretantes</strong></span> <span class='ocrx_word' id='word_1_163' title='bbox 619 2580 680 2632; x_wconf 81' lang='lat' dir='ltr'><strong>»eiu</strong></span> <span class='ocrx_word' id='word_1_164' title='bbox 699 2578 994 2646; x_wconf 77' lang='lat' dir='ltr'><strong>Anastattttaqsstatck‹</strong></span> <span class='ocrx_word' id='word_1_165' title='bbox 1014 2579 1229 2647; x_wconf 87' lang='lat' dir='ltr'><strong>appellaremus.</strong></span> 
     </span>
    </p>

    <p class='ocr_par' dir='ltr' id='par_1_9' title="bbox 100 2665 1271 4140">
     <span class='ocr_line' id='line_1_24' title="bbox 229 2665 1228 2734; baseline 0.003 -16"><span class='ocrx_word' id='word_1_166' title='bbox 229 2669 262 2718; x_wconf 77' lang='lat'><strong>22</strong></span> <span class='ocrx_word' id='word_1_167' title='bbox 281 2667 329 2734; x_wconf 90' lang='lat' dir='ltr'><strong>qui</strong></span> <span class='ocrx_word' id='word_1_168' title='bbox 351 2684 421 2718; x_wconf 89' lang='lat' dir='ltr'><strong>uuus</strong></span> <span class='ocrx_word' id='word_1_169' title='bbox 440 2667 511 2718; x_wconf 85' lang='lat' dir='ltr'><strong>hanc</strong></span> <span class='ocrx_word' id='word_1_170' title='bbox 532 2682 588 2718; x_wconf 92' lang='lat' dir='ltr'><strong>non</strong></span> <span class='ocrx_word' id='word_1_171' title='bbox 608 2666 686 2733; x_wconf 87' lang='lat' dir='ltr'><strong>parvi</strong></span> <span class='ocrx_word' id='word_1_172' title='bbox 710 2665 845 2717; x_wconf 91' lang='lat' dir='ltr'><strong>momenti</strong></span> <span class='ocrx_word' id='word_1_173' title='bbox 870 2682 929 2719; x_wconf 88' lang='lat' dir='ltr'><strong>rem</strong></span> <span class='ocrx_word' id='word_1_174' title='bbox 957 2666 1069 2720; x_wconf 90' lang='lat' dir='ltr'><strong>uberius</strong></span> <span class='ocrx_word' id='word_1_175' title='bbox 1087 2668 1228 2721; x_wconf 83' lang='lat' dir='ltr'><strong>tractavit</strong></span> 
     </span>
     <span class='ocr_line' id='line_1_25' title="bbox 128 2752 1227 2826; baseline -0.001 -18"><span class='ocrx_word' id='word_1_176' title='bbox 128 2752 160 2809; x_wconf 86' lang='lat' dir='ltr'><strong>V.</strong></span> <span class='ocrx_word' id='word_1_177' title='bbox 170 2753 283 2807; x_wconf 90' lang='lat' dir='ltr'><strong>Rostius</strong></span> <span class='ocrx_word' id='word_1_178' title='bbox 293 2753 511 2822; x_wconf 81' lang='lat' dir='ltr'><strong>(programmate</strong></span> <span class='ocrx_word' id='word_1_179' title='bbox 525 2752 637 2806; x_wconf 89' lang='lat' dir='ltr'><strong>scholae</strong></span> <span class='ocrx_word' id='word_1_180' title='bbox 646 2752 806 2805; x_wconf 88' lang='lat' dir='ltr'><strong>Thomanae</strong></span> <span class='ocrx_word' id='word_1_181' title='bbox 820 2753 863 2806; x_wconf 88' lang='lat' dir='ltr'><strong>‘dc</strong></span> <span class='ocrx_word' id='word_1_182' title='bbox 882 2753 992 2807; x_wconf 88' lang='lat' dir='ltr'><strong>ratione</strong></span> <span class='ocrx_word' id='word_1_183' title='bbox 1010 2755 1086 2808; x_wconf 88' lang='lat' dir='ltr'><strong>vocis</strong></span> <span class='ocrx_word' id='word_1_184' title='bbox 1107 2772 1227 2826; x_wconf 80' lang='grc' dir='ltr'><em>παρεπι-</em></span> 
     </span>
     <span class='ocr_line' id='line_1_26' title="bbox 127 2836 1230 2914; baseline 0.002 -20"><span class='ocrx_word' id='word_1_185' title='bbox 127 2836 232 2914; x_wconf 79' lang='grc' dir='ltr'><em>γροφή’</em></span> <span class='ocrx_word' id='word_1_186' title='bbox 246 2842 405 2909; x_wconf 90' lang='lat' dir='ltr'><strong>conscripto</strong></span> <span class='ocrx_word' id='word_1_187' title='bbox 419 2839 588 2909; x_wconf 87' lang='lat' dir='ltr'><strong>Lipsiaeque</strong></span> <span class='ocrx_word' id='word_1_188' title='bbox 607 2856 680 2893; x_wconf 90' lang='lat' dir='ltr'><strong>anno</strong></span> <span class='ocrx_word' id='word_1_189' title='bbox 693 2838 859 2909; x_wconf 76' lang='lat' dir='ltr'>MDCQCIII</span> <span class='ocrx_word' id='word_1_190' title='bbox 881 2841 967 2908; x_wconf 83' lang='lat' dir='ltr'><strong>edito)</strong></span> <span class='ocrx_word' id='word_1_191' title='bbox 987 2843 1047 2895; x_wconf 91' lang='lat' dir='ltr'><strong>tam</strong></span> <span class='ocrx_word' id='word_1_192' title='bbox 1059 2841 1157 2896; x_wconf 83' lang='lat' dir='ltr'><strong>leviter</strong></span> <span class='ocrx_word' id='word_1_193' title='bbox 1168 2860 1230 2896; x_wconf 89' lang='lat' dir='ltr'><strong>rem</strong></span> 
     </span>
     <span class='ocr_line' id='line_1_27' title="bbox 128 2927 1233 2999; baseline 0 -15"><span class='ocrx_word' id='word_1_194' title='bbox 128 2930 235 2999; x_wconf 87' lang='lat' dir='ltr'><strong>tetigit,</strong></span> <span class='ocrx_word' id='word_1_195' title='bbox 263 2933 370 2982; x_wconf 87' lang='lat' dir='ltr'><strong>utnon</strong></span> <span class='ocrx_word' id='word_1_196' title='bbox 389 2927 494 2982; x_wconf 85' lang='lat' dir='ltr'><strong>frustra</strong></span> <span class='ocrx_word' id='word_1_197' title='bbox 514 2929 549 2982; x_wconf 90' lang='lat' dir='ltr'><strong>de</strong></span> <span class='ocrx_word' id='word_1_198' title='bbox 569 2927 784 2998; x_wconf 81' lang='lat' dir='ltr'><strong>parepigraphis</strong></span> <span class='ocrx_word' id='word_1_199' title='bbox 804 2928 995 2997; x_wconf 89' lang='lat' dir='ltr'><strong>quaestionem</strong></span> <span class='ocrx_word' id='word_1_200' title='bbox 1018 2931 1121 2984; x_wconf 82' lang='lat' dir='ltr'><strong>iterum</strong></span> <span class='ocrx_word' id='word_1_201' title='bbox 1149 2930 1233 2984; x_wconf 89' lang='lat' dir='ltr'><strong>insti·</strong></span> 
     </span>
     <span class='ocr_line' id='line_1_28' title="bbox 129 3017 1231 3086; baseline 0.002 -16"><span class='ocrx_word' id='word_1_202' title='bbox 129 3022 210 3072; x_wconf 83' lang='lat' dir='ltr'><strong>tuere</strong></span> <span class='ocrx_word' id='word_1_203' title='bbox 228 3017 309 3071; x_wconf 89' lang='lat' dir='ltr'><strong>nobis</strong></span> <span class='ocrx_word' id='word_1_204' title='bbox 323 3017 473 3070; x_wconf 88' lang='lat' dir='ltr'><strong>videamur.</strong></span> <span class='ocrx_word' id='word_1_205' title='bbox 491 3017 686 3086; x_wconf 83' lang='lat' dir='ltr'><strong>Negleguntur</strong></span> <span class='ocrx_word' id='word_1_206' title='bbox 705 3017 778 3069; x_wconf 88' lang='lat' dir='ltr'><strong>enim</strong></span> <span class='ocrx_word' id='word_1_207' title='bbox 798 3017 855 3070; x_wconf 89' lang='lat' dir='ltr'><strong>illic</strong></span> <span class='ocrx_word' id='word_1_208' title='bbox 874 3034 908 3070; x_wconf 85' lang='lat' dir='ltr'><strong>ex</strong></span> <span class='ocrx_word' id='word_1_209' title='bbox 925 3017 1111 3086; x_wconf 86' lang='lat' dir='ltr'><strong>quadraginta</strong></span> <span class='ocrx_word' id='word_1_210' title='bbox 1128 3035 1231 3072; x_wconf 83' lang='lat' dir='ltr'><strong>novem</strong></span> 
     </span>
     <span class='ocr_line' id='line_1_29' title="bbox 131 3103 1233 3175; baseline 0.001 -16"><span class='ocrx_word' id='word_1_211' title='bbox 131 3105 353 3175; x_wconf 79' lang='grc' dir='ltr'><em>παρεπιγραφῶν</em></span> <span class='ocrx_word' id='word_1_212' title='bbox 371 3103 504 3170; x_wconf 86' lang='lat' dir='ltr'><strong>exemplis</strong></span> <span class='ocrx_word' id='word_1_213' title='bbox 523 3103 624 3172; x_wconf 84' lang='lat' dir='ltr'><strong>viginti</strong></span> <span class='ocrx_word' id='word_1_214' title='bbox 641 3107 715 3166; x_wconf 89' lang='lat' dir='ltr'><strong>octo,</strong></span> <span class='ocrx_word' id='word_1_215' title='bbox 731 3120 802 3170; x_wconf 87' lang='lat' dir='ltr'><strong>quae</strong></span> <span class='ocrx_word' id='word_1_216' title='bbox 820 3104 881 3172; x_wconf 89' lang='lat' dir='ltr'><strong>ipse</strong></span> <span class='ocrx_word' id='word_1_217' title='bbox 900 3103 1064 3157; x_wconf 88' lang='lat' dir='ltr'><strong>coniectura</strong></span> <span class='ocrx_word' id='word_1_218' title='bbox 1081 3103 1173 3171; x_wconf 84' lang='lat' dir='ltr'><strong>finxit,</strong></span> <span class='ocrx_word' id='word_1_219' title='bbox 1193 3107 1233 3160; x_wconf 86' lang='lat' dir='ltr'><strong>af-</strong></span> 
     </span>
     <span class='ocr_line' id='line_1_30' title="bbox 127 3190 1230 3260; baseline 0 -13"><span class='ocrx_word' id='word_1_220' title='bbox 127 3194 264 3247; x_wconf 87' lang='lat' dir='ltr'><strong>feruntur.</strong></span> <span class='ocrx_word' id='word_1_221' title='bbox 276 3192 366 3246; x_wconf 87' lang='lat' dir='ltr'><strong>Schol.</strong></span> <span class='ocrx_word' id='word_1_222' title='bbox 389 3190 607 3244; x_wconf 86' lang='lat' dir='ltr'><strong>Acharnensium</strong></span> <span class='ocrx_word' id='word_1_223' title='bbox 625 3209 650 3246; x_wconf 89' lang='lat' dir='ltr'><strong>v.</strong></span> <span class='ocrx_word' id='word_1_224' title='bbox 665 3192 733 3244; x_wconf 83' lang='grc'><strong>1146</strong></span> <span class='ocrx_word' id='word_1_225' title='bbox 748 3209 773 3260; x_wconf 93' lang='lat' dir='ltr'><strong>p.</strong></span> <span class='ocrx_word' id='word_1_226' title='bbox 786 3190 824 3244; x_wconf 87' lang='lat' dir='ltr'><strong>VI</strong></span> <span class='ocrx_word' id='word_1_227' title='bbox 848 3191 975 3246; x_wconf 75' lang='lat' dir='ltr'><strong>allectio</strong></span> <span class='ocrx_word' id='word_1_228' title='bbox 994 3191 1152 3246; x_wconf 84' lang='lat' dir='ltr'><strong>laudatum:</strong></span> <span class='ocrx_word' id='word_1_229' title='bbox 1172 3195 1230 3247; x_wconf 81' lang='grc' dir='ltr'><em>ἔστι</em></span> 
     </span>
     <span class='ocr_line' id='line_1_31' title="bbox 129 3272 1232 3350; baseline 0 -16"><span class='ocrx_word' id='word_1_230' title='bbox 129 3282 161 3334; x_wconf 74' lang='lat' dir='ltr'><strong>as</strong></span> <span class='ocrx_word' id='word_1_231' title='bbox 179 3272 385 3350; x_wconf 77' lang='grc' dir='ltr'><em>παρεπιγραφὴ.</em></span> <span class='ocrx_word' id='word_1_232' title='bbox 405 3275 521 3349; x_wconf 79' lang='grc' dir='ltr'><em>καὶγὰρ</em></span> <span class='ocrx_word' id='word_1_233' title='bbox 541 3282 660 3348; x_wconf 77' lang='grc' dir='ltr'><strong>γέλωτος</strong></span> <span class='ocrx_word' id='word_1_234' title='bbox 676 3273 760 3349; x_wconf 75' lang='grc' dir='ltr'><em>χάριν</em></span> <span class='ocrx_word' id='word_1_235' title='bbox 778 3275 837 3350; x_wconf 77' lang='grc' dir='ltr'><strong>ἅμα</strong></span> <span class='ocrx_word' id='word_1_236' title='bbox 854 3281 891 3349; x_wconf 80' lang='grc' dir='ltr'><strong>τῷ</strong></span> <span class='ocrx_word' id='word_1_237' title='bbox 910 3274 983 3349; x_wconf 77' lang='grc' dir='ltr'><em>λόγῳ</em></span> <span class='ocrx_word' id='word_1_238' title='bbox 1002 3277 1033 3334; x_wconf 86' lang='grc' dir='ltr'><strong>τὸ</strong></span> <span class='ocrx_word' id='word_1_239' title='bbox 1046 3281 1153 3334; x_wconf 71' lang='grc' dir='ltr'><em>αἰδοῖον</em></span> <span class='ocrx_word' id='word_1_240' title='bbox 1173 3281 1232 3334; x_wconf 74' lang='grc' dir='ltr'><em>ἔπι-</em></span> 
     </span>
     <span class='ocr_line' id='line_1_32' title="bbox 129 3366 1232 3437; baseline -0.001 -14"><span class='ocrx_word' id='word_1_241' title='bbox 129 3370 265 3423; x_wconf 65' lang='lat' dir='ltr'><strong>octavum</strong></span> <span class='ocrx_word' id='word_1_242' title='bbox 285 3367 372 3420; x_wconf 88' lang='lat' dir='ltr'><strong>Biaeti</strong></span> <span class='ocrx_word' id='word_1_243' title='bbox 393 3369 445 3433; x_wconf 89' lang='lat' dir='ltr'><strong>est,</strong></span> <span class='ocrx_word' id='word_1_244' title='bbox 474 3366 562 3436; x_wconf 81' lang='lat' dir='ltr'><strong>igitur</strong></span> <span class='ocrx_word' id='word_1_245' title='bbox 578 3367 648 3421; x_wconf 91' lang='lat' dir='ltr'><strong>nihil</strong></span> <span class='ocrx_word' id='word_1_246' title='bbox 665 3368 775 3437; x_wconf 87' lang='lat' dir='ltr'><strong>probat.</strong></span> <span class='ocrx_word' id='word_1_247' title='bbox 795 3399 822 3406; x_wconf 90' lang='lat'><strong>--</strong></span> <span class='ocrx_word' id='word_1_248' title='bbox 841 3367 917 3434; x_wconf 77' lang='lat' dir='ltr'><strong>Quae</strong></span> <span class='ocrx_word' id='word_1_249' title='bbox 936 3367 971 3421; x_wconf 91' lang='lat' dir='ltr'><strong>de</strong></span> <span class='ocrx_word' id='word_1_250' title='bbox 989 3369 1232 3436; x_wconf 82' lang='lat' dir='ltr'><strong>parencyclemate</strong></span> 
     </span>
     <span class='ocr_line' id='line_1_33' title="bbox 127 3454 1271 3524; baseline -0.002 -12"><span class='ocrx_word' id='word_1_251' title='bbox 127 3457 262 3512; x_wconf 87' lang='lat' dir='ltr'><strong>disseruit</strong></span> <span class='ocrx_word' id='word_1_252' title='bbox 280 3454 394 3508; x_wconf 88' lang='lat' dir='ltr'><strong>Rostius</strong></span> <span class='ocrx_word' id='word_1_253' title='bbox 412 3473 468 3508; x_wconf 91' lang='lat' dir='ltr'><strong>non</strong></span> <span class='ocrx_word' id='word_1_254' title='bbox 486 3456 528 3508; x_wconf 88' lang='lat' dir='ltr'><strong>ita</strong></span> <span class='ocrx_word' id='word_1_255' title='bbox 547 3458 613 3509; x_wconf 91' lang='lat' dir='ltr'><strong>sunt</strong></span> <span class='ocrx_word' id='word_1_256' title='bbox 630 3460 800 3523; x_wconf 85' lang='lat' dir='ltr'><strong>comparata,</strong></span> <span class='ocrx_word' id='word_1_257' title='bbox 825 3466 854 3509; x_wconf 85' lang='lat' dir='ltr'><strong>ut</strong></span> <span class='ocrx_word' id='word_1_258' title='bbox 869 3455 922 3509; x_wconf 83' lang='lat' dir='ltr'><strong>hac</strong></span> <span class='ocrx_word' id='word_1_259' title='bbox 944 3456 979 3509; x_wconf 89' lang='lat' dir='ltr'><strong>de</strong></span> <span class='ocrx_word' id='word_1_260' title='bbox 998 3472 1029 3509; x_wconf 93' lang='lat' dir='ltr'><strong>re</strong></span> <span class='ocrx_word' id='word_1_261' title='bbox 1049 3455 1175 3524; x_wconf 86' lang='lat' dir='ltr'><strong>quaestio</strong></span> <span class='ocrx_word' id='word_1_262' title='bbox 1195 3456 1232 3511; x_wconf 80' lang='lat' dir='ltr'><strong>ad</strong></span> <span class='ocrx_word' id='word_1_263' title='bbox 1269 3505 1271 3510; x_wconf 93' lang='lat'><em>.</em></span> 
     </span>
     <span class='ocr_line' id='line_1_34' title="bbox 100 3537 1234 3615; baseline -0.003 -16"><span class='ocrx_word' id='word_1_264' title='bbox 100 3580 105 3587; x_wconf 82' lang='lat'><em>-</em></span> <span class='ocrx_word' id='word_1_265' title='bbox 127 3545 211 3599; x_wconf 87' lang='lat' dir='ltr'><strong>finem</strong></span> <span class='ocrx_word' id='word_1_266' title='bbox 230 3543 368 3612; x_wconf 86' lang='lat' dir='ltr'><strong>perducta</strong></span> <span class='ocrx_word' id='word_1_267' title='bbox 384 3558 444 3596; x_wconf 87' lang='lat' dir='ltr'><strong>esse</strong></span> <span class='ocrx_word' id='word_1_268' title='bbox 463 3543 601 3596; x_wconf 84' lang='lat' dir='ltr'><strong>videatur.</strong></span> <span class='ocrx_word' id='word_1_269' title='bbox 623 3573 657 3582; x_wconf 95' lang='lat'>—</span> <span class='ocrx_word' id='word_1_270' title='bbox 673 3542 760 3597; x_wconf 89' lang='lat' dir='ltr'><strong>Recte</strong></span> <span class='ocrx_word' id='word_1_271' title='bbox 778 3548 871 3597; x_wconf 87' lang='lat' dir='ltr'><strong>tamen</strong></span> <span class='ocrx_word' id='word_1_272' title='bbox 890 3542 1000 3597; x_wconf 90' lang='lat' dir='ltr'><strong>monuit</strong></span> <span class='ocrx_word' id='word_1_273' title='bbox 1017 3537 1234 3615; x_wconf 80' lang='grc' dir='ltr'><strong>παρεπιγραφάς</strong></span> 
     </span>
     <span class='ocr_line' id='line_1_35' title="bbox 126 3630 1231 3700; baseline 0 -16"><span class='ocrx_word' id='word_1_274' title='bbox 126 3634 254 3684; x_wconf 83' lang='lat' dir='ltr'><strong>veterum</strong></span> <span class='ocrx_word' id='word_1_275' title='bbox 281 3631 311 3683; x_wconf 91' lang='lat' dir='ltr'><strong>in</strong></span> <span class='ocrx_word' id='word_1_276' title='bbox 329 3631 548 3700; x_wconf 86' lang='lat' dir='ltr'><strong>Aristophanem</strong></span> <span class='ocrx_word' id='word_1_277' title='bbox 569 3631 680 3686; x_wconf 86' lang='lat' dir='ltr'><strong>scholiis</strong></span> <span class='ocrx_word' id='word_1_278' title='bbox 699 3630 820 3684; x_wconf 91' lang='lat' dir='ltr'><strong>insertas</strong></span> <span class='ocrx_word' id='word_1_279' title='bbox 840 3632 1018 3700; x_wconf 88' lang='lat' dir='ltr'><strong>respondisse</strong></span> <span class='ocrx_word' id='word_1_280' title='bbox 1037 3631 1151 3684; x_wconf 86' lang='lat' dir='ltr'><strong>‘notulis</strong></span> <span class='ocrx_word' id='word_1_281' title='bbox 1166 3630 1231 3684; x_wconf 84' lang='lat' dir='ltr'><strong>istis</strong></span> 
     </span>
     <span class='ocr_line' id='line_1_36' title="bbox 127 3718 1232 3788; baseline 0.002 -18"><span class='ocrx_word' id='word_1_282' title='bbox 127 3718 156 3770; x_wconf 92' lang='lat' dir='ltr'><strong>in</strong></span> <span class='ocrx_word' id='word_1_283' title='bbox 174 3722 336 3772; x_wconf 90' lang='lat' dir='ltr'><strong>nostrorum</strong></span> <span class='ocrx_word' id='word_1_284' title='bbox 353 3723 501 3788; x_wconf 87' lang='lat' dir='ltr'><strong>poetarum</strong></span> <span class='ocrx_word' id='word_1_285' title='bbox 520 3719 623 3772; x_wconf 86' lang='lat' dir='ltr'><strong>fabulis</strong></span> <span class='ocrx_word' id='word_1_286' title='bbox 642 3718 848 3781; x_wconf 86' lang='lat' dir='ltr'><strong>occurentibus,</strong></span> <span class='ocrx_word' id='word_1_287' title='bbox 863 3736 935 3787; x_wconf 85' lang='lat' dir='ltr'><strong>quae</strong></span> <span class='ocrx_word' id='word_1_288' title='bbox 946 3719 1103 3774; x_wconf 88' lang='lat' dir='ltr'><strong>minoribus</strong></span> <span class='ocrx_word' id='word_1_289' title='bbox 1115 3718 1232 3785; x_wconf 86' lang='lat' dir='ltr'><strong>litteris,</strong></span> 
     </span>
     <span class='ocr_line' id='line_1_37' title="bbox 124 3804 1230 3877; baseline 0.003 -19"><span class='ocrx_word' id='word_1_290' title='bbox 124 3822 159 3859; x_wconf 88' lang='lat' dir='ltr'><strong>ne</strong></span> <span class='ocrx_word' id='word_1_291' title='bbox 176 3804 204 3858; x_wconf 91' lang='lat' dir='ltr'><strong>in</strong></span> <span class='ocrx_word' id='word_1_292' title='bbox 225 3806 325 3859; x_wconf 89' lang='lat' dir='ltr'><strong>seriem</strong></span> <span class='ocrx_word' id='word_1_293' title='bbox 344 3806 480 3860; x_wconf 89' lang='lat' dir='ltr'><strong>orationis</strong></span> <span class='ocrx_word' id='word_1_294' title='bbox 498 3805 711 3871; x_wconf 87' lang='lat' dir='ltr'><strong>transferantur,</strong></span> <span class='ocrx_word' id='word_1_295' title='bbox 731 3823 879 3874; x_wconf 84' lang='lat' dir='ltr'><strong>expressae</strong></span> <span class='ocrx_word' id='word_1_296' title='bbox 901 3813 930 3859; x_wconf 90' lang='lat' dir='ltr'><strong>ot</strong></span> <span class='ocrx_word' id='word_1_297' title='bbox 949 3807 1060 3861; x_wconf 87' lang='lat' dir='ltr'><strong>uncinis</strong></span> <span class='ocrx_word' id='word_1_298' title='bbox 1080 3810 1230 3877; x_wconf 86' lang='lat' dir='ltr'><strong>practerea</strong></span> 
     </span>
     <span class='ocr_line' id='line_1_38' title="bbox 126 3893 1230 3964; baseline 0.005 -19"><span class='ocrx_word' id='word_1_299' title='bbox 126 3893 258 3959; x_wconf 83' lang='lat' dir='ltr'><strong>inclusae,</strong></span> <span class='ocrx_word' id='word_1_300' title='bbox 276 3895 410 3956; x_wconf 84' lang='lat' dir='ltr'><strong>indicant,</strong></span> <span class='ocrx_word' id='word_1_301' title='bbox 431 3895 499 3964; x_wconf 86' lang='lat' dir='ltr'><strong>quid</strong></span> <span class='ocrx_word' id='word_1_302' title='bbox 516 3896 553 3949; x_wconf 88' lang='lat' dir='ltr'><strong>ab</strong></span> <span class='ocrx_word' id='word_1_303' title='bbox 572 3895 711 3949; x_wconf 88' lang='lat' dir='ltr'><strong>histrione</strong></span> <span class='ocrx_word' id='word_1_304' title='bbox 730 3896 776 3964; x_wconf 79' lang='lat' dir='ltr'><strong>agi</strong></span> <span class='ocrx_word' id='word_1_305' title='bbox 794 3900 843 3949; x_wconf 87' lang='lat' dir='ltr'><strong>aut</strong></span> <span class='ocrx_word' id='word_1_306' title='bbox 863 3897 893 3949; x_wconf 92' lang='lat' dir='ltr'><strong>in</strong></span> <span class='ocrx_word' id='word_1_307' title='bbox 910 3913 991 3949; x_wconf 85' lang='lat' dir='ltr'><strong>scena</strong></span> <span class='ocrx_word' id='word_1_308' title='bbox 1002 3896 1046 3950; x_wconf 83' lang='lat' dir='ltr'><strong>vel</strong></span> <span class='ocrx_word' id='word_1_309' title='bbox 1057 3899 1122 3964; x_wconf 87' lang='lat' dir='ltr'><strong>post</strong></span> <span class='ocrx_word' id='word_1_310' title='bbox 1133 3896 1230 3950; x_wconf 82' lang='lat' dir='ltr'><strong>aulaea</strong></span> 
     </span>
     <span class='ocr_line' id='line_1_39' title="bbox 129 3980 1229 4052; baseline 0.004 -20"><span class='ocrx_word' id='word_1_311' title='bbox 129 3980 191 4035; x_wconf 89' lang='lat' dir='ltr'><strong>fieri</strong></span> <span class='ocrx_word' id='word_1_312' title='bbox 212 3983 329 4036; x_wconf 63' lang='lat' dir='ltr'><strong>debeat)</strong></span> <span class='ocrx_word' id='word_1_313' title='bbox 348 4012 383 4021; x_wconf 89' lang='lat'>-</span> <span class='ocrx_word' id='word_1_314' title='bbox 401 3982 573 4036; x_wconf 87' lang='lat' dir='ltr'><strong>Fritzschius</strong></span> <span class='ocrx_word' id='word_1_315' title='bbox 603 3989 671 4036; x_wconf 85' lang='lat' dir='ltr'><strong>nota</strong></span> <span class='ocrx_word' id='word_1_316' title='bbox 695 3985 731 4037; x_wconf 87' lang='lat' dir='ltr'><strong>ad</strong></span> <span class='ocrx_word' id='word_1_317' title='bbox 746 3984 1096 4052; x_wconf 83' lang='lat' dir='ltr'><strong>Thesmophoriazusarum</strong></span> <span class='ocrx_word' id='word_1_318' title='bbox 1119 4001 1229 4037; x_wconf 90' lang='lat' dir='ltr'><strong>versum</strong></span> 
     </span>
     <span class='ocr_line' id='line_1_40' title="bbox 131 4070 1227 4140; baseline 0.003 -19"><span class='ocrx_word' id='word_1_319' title='bbox 131 4072 184 4121; x_wconf 86' lang='grc'><strong>130</strong></span> <span class='ocrx_word' id='word_1_320' title='bbox 201 4070 342 4136; x_wconf 84' lang='lat' dir='ltr'><strong>(editionis</strong></span> <span class='ocrx_word' id='word_1_321' title='bbox 362 4071 465 4139; x_wconf 75' lang='lat' dir='ltr'><strong>pagina</strong></span> <span class='ocrx_word' id='word_1_322' title='bbox 483 4073 528 4122; x_wconf 75' lang='lat' dir='ltr'><strong>lli</strong></span> <span class='ocrx_word' id='word_1_323' title='bbox 555 4070 639 4123; x_wconf 87' lang='lat' dir='ltr'><strong>fidem</strong></span> <span class='ocrx_word' id='word_1_324' title='bbox 659 4073 837 4139; x_wconf 89' lang='lat' dir='ltr'><strong>antiquitatis</strong></span> <span class='ocrx_word' id='word_1_325' title='bbox 856 4072 957 4125; x_wconf 86' lang='lat' dir='ltr'><strong>habere</strong></span> <span class='ocrx_word' id='word_1_326' title='bbox 977 4071 1048 4126; x_wconf 88' lang='lat' dir='ltr'><strong>dicit</strong></span> <span class='ocrx_word' id='word_1_327' title='bbox 1065 4072 1227 4140; x_wconf 80' lang='lat' dir='ltr'><strong>parepigra·</strong></span> 
     </span>
    </p>
   </div>
   <div class='ocr_carea' id='block_1_5' title="bbox 0 0 1362 4702">
    <p class='ocr_par' dir='ltr' id='par_1_10' title="bbox 0 0 1362 4702">
     <span class='ocr_line' id='line_1_41' title="bbox 0 0 1362 4702; baseline 0 2"><span class='ocrx_word' id='word_1_328' title='bbox 0 0 1362 4702; x_wconf 95' lang='lat' dir='ltr'><strong> </strong></span> 
     </span>
    </p>
   </div>
  </div>
 </body>
</html>
