2714 4702
708 219 769 281 12·

263 425 439 474 ,rursm
468 399 562 490 ἡμεῖς
583 401 619 467 δὲ
641 405 747 468 ταῖσιν
766 392 877 479 ἄλλαις
898 407 1005 468 ταῖσιν
1024 403 1056 468 ἑν
1079 398 1174 469 πόλει

469 497 717 586 ξυνεμβάλωμεν
739 497 898 568 εἰσιοῦσαι
917 501 995 580 τούς
1009 497 1159 585 μοχλούς.

175 627 270 691 quem
294 628 426 670 versum
448 606 493 669 ita
514 602 796 691 interpretandum
828 624 900 668 esse
928 613 1016 689 puto,
1048 613 1084 666 ut
1113 600 1277 669 εἰσιοῦσαι

175 706 381 793 participium
404 705 494 769 nullo
517 704 612 769 modo
635 704 676 768 ad
690 726 759 767 rem
780 704 959 768 scaenicum
983 713 1127 791 spectet:
1152 704 1278 799 ‘arcem

177 805 334 869 intrantes
357 828 429 870 cum
450 805 651 886 mulieribus,
675 825 757 888 quae
775 826 845 868 eam
863 805 925 867 iam
939 815 1279 891 praeoccupaverant,

176 905 287 970 ianuas
310 905 524 970 claudemus’.

274 1005 381 1074 Simili
403 1006 527 1070 ratione
551 1028 613 1090 qua
636 1013 835 1069 constantem
859 1004 929 1069 fero
957 1027 1052 1068 usum
1074 1002 1206 1070 εἰσιέναι
1242 1015 1279 1071 et

176 1103 292 1186 ἐξιέναι
322 1107 500 1170 verborum
531 1113 640 1169 servat
669 1103 904 1191 Aristophanes
939 1104 1009 1169 aliis
1042 1105 1138 1170 etiam
1171 1106 1279 1171 utitur

177 1205 285 1270 verbis
311 1205 427 1291 quibus
452 1206 573 1270 intrare
588 1215 619 1268 ct
635 1204 824 1288 relinquere
837 1227 984 1269 scaenam
1000 1206 1175 1290 significet,
1191 1231 1279 1291 προ-

175 1304 276 1370 σιέναι
297 1306 466 1392 imprimis.
523 1306 632 1370 Facile
655 1327 698 1369 ex
721 1305 883 1390 exemplis
908 1306 1014 1370 statim
1037 1307 1277 1394 componendis

175 1405 351 1493 intelleges
373 1428 453 1471 voce
474 1405 721 1490 προσέρχεσθαι
748 1405 882 1469 indicari
915 1404 1087 1471 histriones
1109 1407 1277 1494 pulpitum

174 1504 298 1570 intrare
321 1528 381 1592 per
400 1506 589 1571 aditumvel
613 1505 766 1570 dextrum
791 1506 844 1570 vel
867 1506 1033 1571 sinistrum
1045 1510 1079 1588 ¹⁵,
1115 1528 1181 1570 non
1215 1530 1278 1595 per

175 1608 313 1670 scaenae
337 1615 472 1692 portam.
493 1606 548 1688 (cf.
570 1628 601 1691 p.
614 1606 670 1686 38)

173 1787 517 1856 Eq.146*¹⁶011OET.13
595 1830 625 1844 ..
647 1830 678 1845 ..
699 1787 757 1843 ἀλλ’
779 1788 830 1843 601
847 1794 1088 1861 προσέρχεται

604 1872 697 1947 ὥσπερ
715 1874 784 1931 κατὰ
802 1875 871 1931 θεὸν
887 1882 926 1937 εἰς
943 1872 1054 1949 ἀγοράν.

174 1961 289 2030 Eq.891
360 1967 540 2018 AAAANT.
603 1967 649 2017 καὶ
670 1961 728 2036 μὴν
754 1964 769 2018 ὁ
798 1963 964 2037 Παφλαγὼν
998 1964 1091 2018 οὑτοσὶ
1124 1970 1275 2036 προσέρ-

1056 2069 1170 2122 χεται.

603 2139 643 2208 (ἐκ
653 2139 876 2206 βουλῆςεοὶίἰαε1,
894 2156 950 2192 non
965 2139 1056 2193 domo.
1071 2138 1106 2192 el.
1125 2157 1150 2194 v.
1160 2140 1212 2193 475
1221 2140 1276 2209 sq.)

174 2221 256 2292 Vesp.
275 2225 343 2277 1324
361 2224 486 2284 ΞΑΝΘΙ.
596 2225 642 2281 ὁδὶ
667 2227 698 2280 ez·
708 2223 806 2288 καύτὸς
816 2224 1011 2301 σφαλλόμενος
1027 2231 1274 2298 προσέρχεται.

597 2315 743 2386 (abepulis
754 2316 828 2371 enim
838 2317 914 2371 redit
923 2317 1079 2384 Philocle03
1099 2315 1133 2371 ef.
1144 2333 1169 2369 v.
1183 2317 1264 2386 1322)

172 2400 254 2472 Vesp.
269 2400 353 2460 1608*
363 2402 488 2462 ΞΑΝΘΙ.
596 2409 803 2476 προσέρχει
817 2427 852 2460 αι
876 2404 930 2476 γὰρ
956 2405 1045 2476 ἕτερος
1068 2397 1102 2458 αὖ
1123 2406 1178 2459 νῶν
1196 2412 1274 2476 Καρ-

1087 2498 1171 2548 alveo.

174 2579 237 2632 Pae.
250 2578 334 2632 1043*
366 2585 509 2636 ΤΡΥΓΑΙ.
602 2622 716 2637 .....
737 2587 783 2635 καὶ
801 2579 854 2652 γὰρ
872 2580 966 2635 οὑτοσὶ

599 2671 842 2738 προσέρχεται
862 2664 954 2741 δάφνῃ
970 2689 1009 2730 τις
1032 2654 1272 2743 Ιἐστεφανωμένος.

176 2750 239 2807 Pae.
262 2751 346 2805 1208*
373 2757 517 2806 ΤΡΥΓΑΙ.
602 2792 609 2807 .
649 2794 655 2808 .
691 2794 697 2808 .
735 2757 780 2807 καὶ
794 2752 848 2825 γὰρ
868 2753 960 2809 οὐτοσὶ

603 2835 698 2895 ὅπλων
707 2836 827 2911 κάπηλος
845 2838 1004 2916 ἀχθόμενος
1022 2849 1271 2916 προσέρχεται.

176 2925 226 2980 Av.
248 2925 333 2979 1312*
360 2930 513 2981 ΠΙΣΘΕΤ.
598 2925 652 2998 ἐγὼ
671 2929 696 2981 δ’
708 2931 819 2985 ἐκείνων
827 2927 888 2991 τοὺς
906 2925 1125 3002 προσιόντας
1144 2934 1270 3004 δέξομαι.

175 3014 224 3067 Av.
249 3012 333 3070 1340*
359 3018 513 3070 ΠΙΣΘΕΤ.
600 3010 676 3087 ᾅδων
693 3013 805 3089 γᾶρὸδε
823 3039 862 3078 τις
881 3015 977 3079 ἀετοὺς
995 3024 1247 3091 προσέρχεται.

175 3099 226 3154 Av.
248 3100 332 3154 1414*
359 3104 513 3158 ΠΙΣΘΕΤ,
600 3099 642 3157 ὅδ’
667 3097 701 3157 αὖ
718 3109 864 3177 μινυρίζων
872 3101 953 3177 δεῦρό
962 3126 1001 3167 τις
1017 3110 1152 3176 προσέρ
1156 3124 1270 3176 χεται.

174 3186 225 3242 Av.
247 3189 331 3245 1709*
355 3195 491 3246 ΑΓΓΕΛ.
594 3196 831 3264 προσέρχεται
851 3190 904 3264 γὰρ
931 3189 987 3253 οἷος
1005 3191 1069 3247 οὐδὲ
1087 3189 1225 3266 παμφαὴς

597 3276 683 3351 ἀστὴρ
701 3282 771 3336 ἰδεῖν
789 3282 900 3353 ἔλαμψε
915 3287 1068 3353 χρυσαυγεῖ
1087 3275 1175 3352 δόμῳ.

175 3359 239 3429 Lys.
261 3363 295 3416 65
365 3370 510 3422 KAAAO.
600 3364 667 3437 ἀτὰρ
695 3368 756 3421 αἵδε
784 3373 830 3421 καὶ
860 3363 894 3435 δή
931 3384 975 3421 σοι
1002 3369 1273 3437 προσέρχονταί

1057 3470 1134 3511 τινες.

600 3537 858 3612 (Ἀναγυρουντόθεν
876 3539 1003 3607 veniunt3
1019 3538 1053 3593 ef.
1071 3556 1098 3594 v.
1117 3541 1162 3607 67)

175 3623 238 3693 hys.
263 3625 314 3679 77*
367 3634 521 3684 ΜΥΡΡΙΝ.
608 3628 655 3696 vim
673 3630 704 3683 δὲ
726 3633 772 3682 καὶ
790 3626 825 3696 δὴ
841 3624 982 3699 Λαμπιτώ
1004 3631 1251 3698 προσέρχεται.

277 3868 311 3923 15
330 3865 424 3919 dextri
442 3871 471 3920 et
490 3867 597 3921 sinistri
622 3867 790 3935 nominibus,
819 3866 1049 3937 quandocumque
1076 3871 1162 3933 utor,·
1178 3867 1270 3922 locum

176 3969 284 4023 semper
301 3957 384 4009 teneo
402 3959 599 4025 spectatorum.

280 4046 312 4099 16
330 4045 457 4100 versibus
476 4045 576 4115 quibus
600 4043 799 4100 asteriscum*
818 4042 935 4113 apposui
959 4042 1109 4099 histriones
1136 4059 1193 4095 non
1218 4057 1269 4110 per

176 4145 291 4186 scaenae
311 4133 432 4202 aliquam
449 4138 561 4204 portam
579 4134 683 4189 intrare
702 4151 783 4204 posse
799 4133 853 4189 tibi
870 4149 1033 4203 persuasum
1050 4129 1175 4188 habebis.
