2714 4702
647 200 689 264 60

124 389 309 456 Πισθέταιρος
326 379 458 457 μάγειρός
475 404 515 444 τις

122 461 197 539 ὅρνις
563 489 646 526 versu
666 474 734 527 1579
751 472 780 525 in
798 471 890 526 culina
911 476 984 527 suut.

538 561 605 613 1693
634 558 664 612 in
681 558 802 612 culinam
827 559 956 627 procedit
981 556 1120 629 Ἡρακλῆς
1140 574 1225 627 quam

660 649 758 715 postea
777 645 920 714 relinquit.

523 735 592 788 1694
662 734 686 787 Ε
822 734 971 787 Ποσειδῶν
990 727 1145 803 Τριβαλλός

920 824 1108 892 Πισθέταιρος

124 906 239 983 ἄγγελος
526 917 594 969 1706
662 913 688 968 Ε

124 1008 325 1074 Πεισθέταιρος
341 1005 466 1071 βασίλεια
530 1006 598 1083 1729
667 1002 692 1057 E

223 1173 439 1240 Descendunt
461 1182 539 1240 tunc
572 1173 748 1238 histriones
779 1171 815 1235 in
846 1172 1046 1237 orchestram
1075 1180 1111 1236 et
1149 1194 1226 1238 cum

125 1275 224 1340 choro
247 1286 369 1341 exeunt
391 1274 514 1364 parodo
536 1274 564 1340 F
587 1273 641 1338 vel
665 1273 706 1340 G.

560 1539 770 1649 Lysistrata

225 1753 417 1837 Priusquam
440 1751 482 1816 ad
503 1751 705 1838 Lysistratae
725 1773 879 1817 scaenam
901 1751 1107 1818 tractandam
1127 1777 1226 1821 ornav

127 1866 197 1920 tum
220 1855 288 1919 eius
310 1851 563 1918 describendum
586 1851 829 1937 aggrediamur,
859 1853 1005 1937 quaestio
1039 1854 1134 1919 nobis
1169 1856 1222 1921 ab·

128 1954 286 2022 solvenda
309 1963 369 2036 est,
397 1973 480 2038 quae
506 1952 540 2016 in
562 1952 749 2017 universam
770 1952 868 2018 huius
887 1954 1017 2018 fabulae
1039 1975 1111 2018 rem
1133 1979 1226 2023 scae-

127 2053 236 2118 nicam
259 2052 436 2139 plurimum
457 2052 556 2133 valet,
587 2052 628 2116 de
657 2053 731 2117 loco
765 2053 838 2118 dico
864 2075 962 2139 quem
982 2073 1043 2138 per
1066 2053 1227 2121 maiorem

129 2153 317 2220 comoediae
333 2163 459 2240 partem
481 2152 656 2217 mulierum
676 2153 794 2217 chorus
813 2163 1012 2243 ³occupatum
1029 2162 1128 2220 tenet.
1151 2157 1226 2223 Mu-

127 2254 226 2320 lieres
249 2253 335 2319 enim
359 2275 377 2318 e
399 2253 568 2340 superiore
602 2254 673 2318 loco
709 2260 805 2339 quam
840 2275 955 2318 senum
988 2254 1023 2319 in
1056 2255 1227 2322 orchestra

127 2357 246 2421 chorus
268 2376 375 2419 arcem
398 2354 569 2438 sociasque
590 2375 672 2438 quae
696 2355 730 2417 in
753 2376 790 2418 ea
811 2360 896 2432 sunt,
913 2353 1017 2419 situlis
1030 2354 1226 2441 defendere,

126 2464 258 2542 praeter
281 2455 462 2521 Robertum
487 2452 602 2537 Enger
622 2453 718 2536 (Mus.
742 2452 947 2525 Rhen.1845
971 2455 1120 2543 pag.302
1134 2463 1226 2542 sqq.)

126 2578 234 2638 nemo,
257 2556 291 2620 ni
311 2555 410 2620 fallor
431 2564 541 2640 negat.
584 2554 725 2620 Illarum
745 2561 853 2619 antem
875 2554 1012 2620 chorum
1040 2576 1141 2643 super
1170 2578 1225 2641 or-

127 2656 290 2722 chestram
314 2654 498 2720 constitisse
521 2675 564 2718 ex
586 2653 666 2740 ipsis
692 2654 923 2742 Aristophanis
945 2655 1056 2720 verbis
1082 2656 1225 2751 (vQ
1254 2672 1287 2737 Ν

127 2758 213 2840 sqq.)
236 2756 346 2821 elucet
366 2775 474 2838 neque
497 2777 578 2842 opus
602 2764 672 2819 erat
694 2756 941 2839 grammaticum
966 2755 1091 2820 scholio
1107 2772 1226 2825 versus

127 2855 227 2918 321⁷⁹
251 2877 323 2921 rem
345 2855 449 2921 itare
473 2855 597 2920 hebere
619 2854 740 2920 certius
762 2854 937 2922 affirmare.
997 2855 1088 2937 Quos
1108 2877 1226 2923 versus

129 2977 229 3041 quum
252 2955 539 3021 obscoenissimam
570 2977 641 3023 rem
672 2956 861 3021 contineant
887 2956 951 3021 hoc
979 2956 1053 3023 loco
1082 2956 1226 3044 amplius

128 3054 297 3141 explicare
319 3054 354 3119 in
376 3056 483 3121 animo
507 3078 578 3122 esse
602 3078 670 3120 non
691 3065 807 3143 potest,
831 3077 907 3119 nam
929 3055 985 3141 qui
1005 3055 1079 3121 illos
1101 3044 1228 3141 legerit

127 3153 284 3220 facillime
306 3155 508 3223 intellexerit
530 3178 645 3221 versus
668 3155 724 3219 821
750 3176 820 3241 sqq.
852 3156 1011 3242 praebere
1035 3155 1129 3221 nobis
1152 3157 1225 3227 eius

127 3253 176 3319 rei
198 3264 426 3341 argumentum
450 3256 585 3321 minime
607 3254 841 3344 spernendum.
883 3255 1024 3321 Accedit
1046 3256 1132 3343 quod
1155 3267 1226 3326 tota

127 3356 212 3420 inter
233 3355 374 3420 feminas
397 3357 549 3445 virosque
573 3356 656 3439 rixa,
676 3379 870 3444 quamquam
884 3357 994 3423 verbis
1007 3357 1109 3442 magis
1123 3362 1225 3443 qriam

128 3455 276 3520 manibus
300 3454 463 3539 dimicant,
496 3457 540 3521 ita
564 3466 613 3522 est
636 3466 831 3544 comparata,
859 3464 895 3520 ut
916 3456 978 3523 viri
1000 3478 1043 3521 ex
1063 3457 1225 3525 inferiore

127 3556 200 3620 loco
221 3555 378 3622 mulieres
400 3557 490 3645 quasi
525 3556 948 3651 oppugnationeh'premant
975 3578 1149 3646 arcemque
1179 3579 1224 3623 ex

227 3857 261 3911 79
279 3854 366 3909 schol.
394 3854 458 3924 Lys.
475 3872 501 3910 v.
514 3855 565 3908 321
586 3856 669 3907 πέτου
700 3856 796 3910 asson:
834 3852 883 3907 νῦν
911 3852 986 3905 ἔστιν
1015 3843 1163 3922 ἡμιχόριον
1191 3847 1223 3904 τὸ

128 3944 211 4012 λέγον
238 3944 269 3996 ὲκ
299 3943 436 4013 γυναικῶν
463 3944 667 4012 ελσερχομένων
690 3934 837 4004 ἄνωθεν,
865 3944 909 3993 ἵνα
932 3935 1025 3992 καὶτὸ
1043 3933 1117 4009 ὕδωρ
1135 3931 1226 3993 αὐτῶν

129 4033 301 4100 καταχέουσιν
327 4025 442 4085 ἄνωθεν.
471 4027 501 4083 τὸ
527 4029 558 4082 δὲ
576 4023 641 4081 ἄλλο
659 4016 806 4100 ἢμιχόριον
824 4029 853 4087 ἐξ
869 4023 980 4096 ἀνδρῶν
999 4020 1124 4079 κάτωθεν
1141 4022 1225 4095 ἐπερ-

125 4123 258 4190 χομένων
271 4125 329 4178 ταῖς
349 4120 379 4174 ἐν
396 4123 427 4194 τῇ
446 4113 595 4192 ἀκροπόλει
612 4122 650 4177 εἰς
667 4121 833 4191 πολιορκίαν.
928 4170 934 4189 Ι
