2714 4702
700 201 719 276 6

166 388 217 440 Av.
237 389 290 445 663
354 390 537 441 ΕΥΕΛΠΙΔ.
591 388 783 455 ἐκβίβασον
800 382 881 439 αι’ποῦ
899 384 968 457 πρὸς
990 388 1064 441 θεῶν
1082 382 1176 454 αὐτήν.

167 473 250 542 Vesp.
271 477 320 528 173
356 479 515 529 ΦΙΛΟΚΛ.
600 514 606 528 .
627 513 634 526 .
652 469 718 526 ἀλλὰ
737 469 786 527 τὸν
803 466 869 527 ὄνον
886 474 900 526 ἐ
906 474 995 542 ξαγε.

166 559 240 614 Plut.
260 563 311 615 821
355 565 502 614 ΚΑΡΙΩΝ
513 583 524 607 ι
594 560 645 633 ἐμὲ
664 561 690 613 δ’
711 561 915 632 ἐξέπεμψεν
933 559 948 614 ὁ
969 556 1081 621 καπνός.

169 646 252 717 Vesp.
274 649 325 701 174
360 649 485 707 ΕΑΝΘΙ.
597 652 659 703 οἵαν
671 641 816 719 πρόφασιν
832 649 963 714 καθῆκεν,
989 646 1026 707 ὥς
1044 649 1196 719 εἰρωνικῶς,

587 739 621 789 ἵν’
646 732 730 791 αὐτὸν
747 736 986 808 ἐκπέμψειας.

171 824 255 895 frgm.
271 822 556 894 Cocal.lV(Bergkii)
594 863 601 876 .
622 861 629 876 .
649 863 656 876 .
675 863 681 877 .
703 817 839 877 ἐκδότω
857 822 892 876 δέ
908 842 947 882 τις

587 913 633 963 καὶ
653 913 843 982 ψηφολογεῖον
861 897 914 963 ὧδε
931 912 977 962 καὶ
990 911 1081 981 δίφρω
1098 901 1155 961 δύο.

168 999 251 1068 Venp.
274 1001 326 1054 140
359 1003 557 1054 BAEAYKA.
594 1039 601 1053 .
621 1039 628 1053 .
697 995 756 1050 ἀλλ’
775 993 855 1069 ύθρει

591 1083 660 1140 κατὰ
677 1087 723 1154 τῆς
741 1089 841 1141 πυέλου
859 1085 889 1140 τὸ
907 1086 988 1157 τρῆμ’
1016 1081 1091 1144 ὅπως
1109 1081 1149 1156 μὴ
1168 1077 1268 1138 ’κδύ-

1039 1189 1145 1226 σεται.

167 1277 244 1333 Eccl.
267 1279 334 1332 1052
354 1280 534 1332 ΝΕΑΝΙΑΣ
594 1272 685 1332 πόθεν
706 1279 880 1347 ἐξέκυψας
898 1269 919 1331 ὦ
937 1271 1042 1330 κάκιστ’
1054 1274 1249 1348 ἀπολουμένης

170 1366 254 1436 Vesp.
272 1367 325 1420 819
361 1368 520 1420 mom.
599 1360 710 1435 ’96ἐῷον
727 1357 805 1420 ούπω
823 1359 1029 1437 ’ξεκόμισας
1045 1362 1076 1417 τὸ
1096 1365 1143 1417 τοῦ
1161 1357 1267 1420 Λύκου.

165 1453 232 1508 Pac·
248 1455 300 1508 319
362 1457 507 1506 ΤΡΥΓΛΙ.
599 1451 792 1524 ἐκδραμὼν
818 1450 872 1524 γὰρ
896 1447 986 1508 πάντα
1011 1455 1086 1506 ταυτὶ
1110 1448 1270 1522 συνταράξει

973 1546 1033 1595 τοῖν
1054 1540 1163 1594 ποδοῖν.

167 1784 319 1839 E001.734
355 1782 484 1839 Αιιιιιι)ὕ
596 1778 819 1855 ....ἡχθιρα
837 1785 927 1856 δεῦρ’
945 1786 1053 1846 εειοι.

588 1895 620 1920 =
639 1871 787 1927 Εο01.739

165 1959 217 2029 Eq.
237 1961 289 2014 725
351 1964 526 2015 πΛφΛΑΓ.
595 1951 617 2012 ὦ
635 1961 716 2032 Δῆμε
734 1961 826 2032 δεῦρ’
846 1954 971 2021 ἔξεισι.

590 2070 623 2096 -.
641 2047 714 2103 Nub.
734 2050 786 2104 866
803 2050 854 2103 867

165 2132 231 2202 Lyn.
251 2137 303 2188 707
350 2137 479 2190 ΧΟΡΟΣ
590 2139 618 2188 τί
632 2155 682 2206 μοι
700 2132 864 2208 σκυθρωπὸς
880 2130 1088 2203 ἐξελήλυθας
1106 2130 1234 2209 δόμων.

166 2219 231 2275 Pac.
248 2222 316 2274 1020
353 2224 496 2275 ΤΡΥΓΛΙ.
597 2218 734 2278 ...ἀλλ’
752 2229 818 2277 εἴσω
837 2229 932 2295 φέρων

223 2304 228 2319 ¹
590 2305 680 2370 θύσας
697 2307 730 2364 τὰ
748 2315 827 2384 μηρί’
848 2309 945 2372 ἐξελὼν
962 2312 1056 2383 δεῦρ’
1075 2313 1215 2384 ἔκφερε.

167 2394 250 2464 Vesp.
269 2396 323 2450 860
349 2401 548 2452 ΒΔΕΛΥΚΛ.
590 2394 645 2451 ἀλλ’
665 2397 701 2459 ὠς
719 2395 834 2471 τάχιστα
851 2402 905 2470 πῦρ
923 2420 962 2459 τις
978 2394 1195 2469 ἐξενεγκάτω

596 2490 642 2540 καὶ
658 2493 790 2560 μυρρίνας
807 2492 853 2542 καὶ
869 2486 919 2543 τὸν
935 2483 1086 2555 λιβανωτὸν
1103 2489 1263 2544 ἔνδοθεν.

138 2569 245 2627 meh.
264 2574 316 2626 887
357 2578 529 2630 ΔΙΚΛΙΟΠ.
599 2614 697 2628 .....
701 2576 793 2646 δμῶες
810 2576 1018 2644 ἐξενέγκατε
1256 2570 1258 2574 ’

588 2659 638 2728 τὴν
658 2657 783 2734 ἐσχάραν
798 2683 848 2734 μοι
864 2663 976 2733 δεῦρο.
1193 2716 1195 2720 .

139 2743 238 2797 *Aah
257 2746 309 2798 369
350 2750 477 2801 ΧΟΡΟΣ
591 2753 619 2799 τί
643 2739 692 2804 οὖν
725 2746 757 2802 οὐ
781 2752 876 2821 λέγεις,
912 2751 1038 2817 ἐπίξηνον
1070 2745 1264 2819 ἐξενεγκὼν

1031 2831 1163 2909 θύραζ’.

170 2918 278 2971 Thesm.
297 2919 332 2972 64
350 2924 515 2974 ΕΥΡΙΠΙΔ.
594 2962 601 2976 .
638 2961 645 2976 .
684 2963 692 2978 .
729 2920 793 2978 ,σὺ
810 2924 843 2978 δέ

473 2998 475 3003 ’
590 3003 735 3079 Ἀγάθωνά
765 3031 815 3082 μοι
848 3011 939 3083 δεῦρ’
966 3007 1162 3067 ἐκκάλεσον
1185 3007 1261 3084 παύση

1070 3106 1161 3172 τέχν.

171 3177 225 3233 AV.
241 3181 294 3235 662
354 3184 508 3236 ΠΙΣΘΕΤ.
593 3183 791 3254 ἐκβίβασον
819 3187 857 3240 ἐκ
888 3187 947 3240 τοῦ
977 3121 1156 3259 βουτόμολι
1183 3182 1258 3258 πούρ-

1061 3281 1160 3331 νίθιον.

165 3351 245 3423 Vesp.
269 3356 318 3408 177
354 3361 552 3412 ΒΔΕΛΥΚΛ.
590 3354 646 3410 ἀλλ’
666 3354 759 3414 εἰσιών
776 3381 826 3432 μοι
844 3357 893 3415 τὸν
904 3354 969 3416 ὄνον
987 3363 1078 3430 ἔξαγ’
1091 3362 1256 3415 ἔνδοθεν.

161 3437 226 3506 Lys.
245 3442 298 3495 466
350 3448 527 3498 ΛΥΣΙΣΤΡ.
586 3439 767 3519 ιιλξύμμαχοι
785 3455 910 3518 γυναῖκες
928 3448 1055 3501 ἐκθεῖτ’
1072 3447 1228 3502 ἔνδοθεν.

159 3524 306 3580 16001337
349 3533 515 3586 ΒΛΕΠΥΡ.
590 3527 1259 3604 ἀλλ’ἐκτετρύπηκενλαθοῦσάμ’ἔνδοθεν.

162 3759 237 3813 Plut.
257 3764 325 3819 1196
350 3772 525 3822 XPEMYA.
602 3810 609 3824 .
632 3808 639 3823 .
659 3806 666 3822 .
685 3810 692 3824 .
709 3767 759 3823 τὸν
775 3770 900 3825 Πλοῦτον
917 3771 932 3827 ἐ
938 3773 979 3831 ξω
995 3791 1035 3831 τις
1051 3766 1161 3828 κάλει.

162 3847 226 3904 Pac.
247 3851 315 3904 1316
352 3857 479 3909 ΧΟΡΟΣ
588 3851 724 3928 εύφημεῖν
747 3856 802 3929 χρὴ
832 3861 878 3911 καὶ
900 3856 949 3925 τὴν
974 3853 1088 3932 νύμφην
1113 3863 1176 3922 ἔξω
1200 3859 1260 3917 τινὰ

853 3946 956 4018 δεῦρο
975 3951 1159 4019 κομίζειν.

257 4127 273 4179 5
291 4087 504 4186 ΒΛΕπύινοΣ
518 4130 553 4201 (ι)
570 4110 573 4115 ’
