2714 4702
672 180 714 250 ἑὲ

146 362 304 429 ἃόινθίαςΙ
547 368 614 420 1291

544 457 611 507 1325

144 547 302 598 Φιλοκλέων
544 542 611 594 1326

145 627 267 700 αὐλητρίς
544 631 612 682 1342

144 720 323 772 Βδελυκλέων
547 718 615 769 1360

545 806 613 857 1382

145 891 296 965 dotandus
548 893 616 945 1387

546 981 614 1032 1414

145 1065 294 1141 κατήγορος
309 1062 408 1138 κλητήρ
547 1068 614 1119 1415

546 1156 613 1206 1441

545 1244 613 1296 1449

146 1335 268 1392 Ξανθίας
545 1333 614 1383 1474

145 1423 302 1474 saroardo
370 1410 373 1414 ’
547 1420 615 1472 msa

144 1506 160 1562 ὁ
180 1512 301 1580 μέσατος
321 1512 459 1579 Καρκίνου
544 1510 614 1560 1500

144 1592 203 1655 υἱός

144 1682 234 1753 ἕτερος
253 1687 414 1753 Καρκινίτης
543 1682 610 1734 1505
690 1680 713 1732 F

144 1776 232 1840 τρίτος
250 1774 414 1839 Καρκινίτης
543 1771 611 1821 1508
689 1768 712 1820 F
1178 1792 1196 1845 7

147 1860 307 1911 Φιλοκλέων
544 1858 611 1909 1516
683 1856 712 1908 in
730 1854 1115 1938 5115551151115151551111111.
1180 1876 1192 1899 ν

147 1948 284 2014 ιιαρκιως
543 1946 610 1997 1531
692 1922 774 1940 ‘³'

26 2018 33 2025 ³
126 2027 229 2123 (χορὸς
247 2033 405 2084 Φιλοκλέων
472 2018 494 2085 ”t
546 2033 613 2084 1537

123 2128 137 2181 t'
145 2122 281 2189 Καρκίνος
300 2124 459 2187 Καρκινΐτοιι
480 2088 495 2219 i

849 457 971 516 Ξανθίας

684 367 712 768 ῦωὲῧρῦ

844 801 967 875 αὐλητρίς

846 975 997 1050 ἀρτοπώλις

848 1151 997 1227 κατήγορος
1014 1149 1112 1227 κλητήρ

846 1246 1004 1298 Φιλοκλέων
1021 1244 1202 1347 Βδελυκλέων

684 802 715 1557 Ες>ῥ>ἷ3>ΰῧῧῦέῦ

647 2343 729 2426 Pax

245 2577 341 2644 Pacis
363 2599 514 2643 scaenam
528 2577 713 2643 tractaturis
740 2578 781 2642 de
803 2576 926 2665 duplici
941 2576 1071 2643 fabulae
1094 2575 1241 2642 editione

147 2679 295 2763 quaestio
318 2679 415 2743 missa
445 2678 539 2743 nobis
565 2686 615 2743 est
634 2677 795 2760 facienda,
816 2677 849 2741 id
873 2687 995 2742 tantum
1019 2677 1244 2764 spectandum,

148 2800 286 2863 quonam
312 2798 448 2841 scaenae
469 2786 585 2841 ornatu
613 2798 694 2860 quae
718 2788 847 2842 servata
870 2786 919 2841 est
941 2777 1012 2841 Pax
1034 2777 1069 2840 in
1092 2799 1245 2841 scaenam

146 2877 306 2964 producta
337 2877 388 2942 sit.
445 2875 490 2941 Et
515 2875 637 2962 duplici
672 2898 788 2941 scaena
816 2888 926 2941 terrae
958 2887 990 2941 ct
1020 2877 1114 2960 coeli,
1144 2899 1244 2960 quum

146 2976 324 3043 clarissime
359 2987 590 3059 argumentum
631 2978 758 3042 fabulae
791 2978 830 3042 II
859 2979 901 3042 30
938 3000 1036 3064 supra
1076 2977 1244 3042 laudatum

148 3099 299 3145 scaenam
321 3075 356 3142 ἐκ
368 3067 489 3161 μέρους
501 3076 561 3160 μὲν
580 3076 638 3142 ἐπὶ
658 3081 728 3163 γῆς,
751 3077 786 3144 ἐκ
799 3077 919 3163 μέρους
936 3078 972 3143 δὲ
993 3077 1050 3143 εἰνὶ
1069 3081 1128 3142 τοῦ
1149 3069 1248 3162 οὖρα-

148 3181 210 3244 νοῦ
225 3200 296 3242 esse
319 3188 461 3261 moneat,
483 3179 562 3263 quin
587 3177 678 3266 opus
692 3201 762 3243 esse
779 3203 944 3244 sumamus
957 3180 1064 3243 facere
1081 3201 1146 3243 non
1168 3200 1242 3265 poe-

146 3301 266 3345 sumus.
321 3279 500 3362 Quaeritur
532 3279 636 3344 solum
669 3303 810 3366 quonam
845 3282 972 3346 fabulae
1004 3281 1075 3344 loco
1104 3300 1243 3343 scaenae

147 3377 358 3444 mutationem
391 3389 587 3463 statuamus,
620 3402 748 3465 quaque
779 3381 898 3446 theatri
932 3390 1023 3468 parte
1062 3380 1244 3460 (orchestra

146 3480 274 3567 pulpito
304 3479 495 3566 theologeo)
530 3491 585 3545 aut
622 3490 711 3546 terra
747 3491 801 3546 aut
835 3482 962 3546 coelum
999 3489 1244 3568 repraesentata

146 3581 277 3645 fuerint.

247 3678 330 3744 Rem
357 3680 434 3745 inde
463 3682 502 3746 ab
526 3682 617 3746 initio
646 3682 776 3746 fabulae
808 3704 911 3769 usque
942 3683 983 3747 ad
1012 3696 1152 3749 versum²
1173 3685 1245 3767 149,

146 3788 258 3868 postea
279 3781 399 3845 iterum
426 3781 504 3847 inde
525 3807 543 3848 a
564 3804 663 3847 versu
686 3783 746 3846 819
779 3804 883 3867 usque
905 3784 946 3848 ad
970 3785 1068 3850 finem
1086 3785 1242 3851 dramatis

146 3881 180 3945 in
202 3890 291 3945 terra
325 3890 400 3947 ante
421 3881 568 3968 Trygaei
591 3883 702 3948 villam
737 3883 801 3966 agi,
828 3907 1047 3970 versuumque
1076 3885 1240 3951 rte-728

248 4085 282 4137 62
301 4084 336 4139 cf.
355 4101 419 4154 pag.
440 4086 474 4140 56
485 4102 524 4154 sq.

702 649 720 682 x
738 630 932 721 0111111
950 631 1251 725 perdurarent·

1285 542 1323 653 >t

1278 658 1310 697 ..Ξ
